timestamp,stock,price,volume,bid_price,ask_price,spread
2025-03-27 09:00:00,XYZ,181.75,3063,181.04,182.51,1.47
2025-03-27 09:00:00,XYZ,108.18,2838,107.52,108.3,0.78
2025-03-27 09:00:00,XYZ,109.33,9148,108.85,110.0,1.15
2025-03-27 09:00:00,XYZ,150.6,4706,150.09,151.1,1.01
2025-03-27 09:00:00,XYZ,145.13,712,144.23,145.71,1.48
2025-03-27 09:00:00,XYZ,137.37,5007,136.45,138.0,1.55
2025-03-27 09:00:00,XYZ,183.99,6175,183.81,184.23,0.42
2025-03-27 09:00:00,XYZ,175.77,832,174.84,176.76,1.92
2025-03-27 09:00:00,XYZ,133.17,8555,132.54,133.84,1.3
2025-03-27 09:00:01,XYZ,168.89,2908,168.18,169.79,1.61
2025-03-27 09:00:01,XYZ,113.83,299,113.36,113.98,0.62
2025-03-27 09:00:01,XYZ,125.58,2441,124.6,126.28,1.68
2025-03-27 09:00:01,XYZ,151.74,7477,151.4,152.25,0.85
2025-03-27 09:00:01,XYZ,163.83,3259,162.85,164.49,1.64
2025-03-27 09:00:01,XYZ,156.73,1552,156.33,157.62,1.29
2025-03-27 09:00:01,XYZ,169.44,5514,169.32,169.83,0.51
2025-03-27 09:00:01,XYZ,196.42,5874,195.97,197.31,1.34
2025-03-27 09:00:01,XYZ,139.32,1886,138.49,139.94,1.45
2025-03-27 09:00:01,XYZ,101.58,1749,100.97,101.97,1.0
2025-03-27 09:00:01,XYZ,126.39,4222,125.89,127.3,1.41
2025-03-27 09:00:01,XYZ,160.07,6517,159.3,160.67,1.37
2025-03-27 09:00:01,XYZ,140.38,4168,139.93,140.82,0.89
2025-03-27 09:00:01,XYZ,117.86,8230,116.98,118.5,1.52
2025-03-27 09:00:01,XYZ,143.07,6862,142.1,143.72,1.62
2025-03-27 09:00:01,XYZ,135.53,3000,134.67,136.53,1.86
2025-03-27 09:00:01,XYZ,138.08,7740,137.69,138.54,0.85
2025-03-27 09:00:01,XYZ,128.08,4546,127.52,128.2,0.68
2025-03-27 09:00:02,XYZ,121.2,3012,120.4,122.14,1.74
2025-03-27 09:00:02,XYZ,157.55,1374,157.17,157.69,0.52
2025-03-27 09:00:02,XYZ,193.66,641,193.31,194.42,1.11
2025-03-27 09:00:02,XYZ,127.62,7298,126.86,128.42,1.56
2025-03-27 09:00:02,XYZ,184.48,2140,183.77,184.63,0.86
2025-03-27 09:00:02,XYZ,160.26,3702,159.28,160.49,1.21
2025-03-27 09:00:02,XYZ,138.71,4264,138.33,139.38,1.05
2025-03-27 09:00:02,XYZ,198.06,6553,197.63,198.49,0.86
2025-03-27 09:00:02,XYZ,108.18,6403,107.82,108.45,0.63
2025-03-27 09:00:02,XYZ,160.56,3142,159.57,161.08,1.51
2025-03-27 09:00:02,XYZ,182.52,9877,181.61,183.32,1.71
2025-03-27 09:00:02,XYZ,150.45,7423,149.59,151.08,1.49
2025-03-27 09:00:02,XYZ,137.11,9624,136.56,137.41,0.85
2025-03-27 09:00:02,XYZ,197.94,6853,197.7,198.75,1.05
2025-03-27 09:00:02,XYZ,139.21,1533,138.53,139.37,0.84
2025-03-27 09:00:02,XYZ,133.44,1506,132.86,133.96,1.1
2025-03-27 09:00:02,XYZ,139.71,9622,139.15,140.41,1.26
2025-03-27 09:00:02,XYZ,112.59,3969,112.18,112.82,0.64
2025-03-27 09:00:02,XYZ,186.54,5392,185.92,186.67,0.75
2025-03-27 09:00:02,XYZ,174.97,1750,174.79,175.79,1.0
2025-03-27 09:00:02,XYZ,191.95,9345,191.65,192.76,1.11
2025-03-27 09:00:02,XYZ,183.33,3534,182.43,183.95,1.52
2025-03-27 09:00:02,XYZ,130.66,7497,130.32,131.34,1.02
2025-03-27 09:00:02,XYZ,196.47,7697,195.96,197.06,1.1
2025-03-27 09:00:03,XYZ,165.62,2828,165.1,165.82,0.72
2025-03-27 09:00:03,XYZ,167.99,8493,167.2,168.26,1.06
2025-03-27 09:00:03,XYZ,122.13,3227,122.02,122.27,0.25
2025-03-27 09:00:03,XYZ,191.07,1296,190.59,191.2,0.61
2025-03-27 09:00:03,XYZ,145.55,6631,144.61,146.03,1.42
2025-03-27 09:00:03,XYZ,198.61,479,198.09,199.09,1.0
2025-03-27 09:00:03,XYZ,181.12,4764,180.39,182.11,1.72
2025-03-27 09:00:03,XYZ,137.33,594,136.91,138.26,1.35
2025-03-27 09:00:03,XYZ,107.12,6637,106.21,107.56,1.35
2025-03-27 09:00:03,XYZ,111.65,1089,111.43,112.48,1.05
2025-03-27 09:00:03,XYZ,187.31,6869,186.55,187.57,1.02
2025-03-27 09:00:03,XYZ,118.11,5464,117.21,119.08,1.87
2025-03-27 09:00:03,XYZ,160.4,4354,160.2,161.36,1.16
2025-03-27 09:00:03,XYZ,163.72,9392,163.24,164.18,0.94
2025-03-27 09:00:03,XYZ,171.44,1291,170.84,172.26,1.42
2025-03-27 09:00:03,XYZ,148.09,5725,147.52,148.19,0.67
2025-03-27 09:00:03,XYZ,120.3,5660,120.04,120.63,0.59
2025-03-27 09:00:03,XYZ,128.64,987,128.4,129.11,0.71
2025-03-27 09:00:03,XYZ,110.77,6810,110.12,111.03,0.91
2025-03-27 09:00:03,XYZ,197.28,1128,196.45,198.03,1.58
2025-03-27 09:00:03,XYZ,183.14,2239,182.46,184.09,1.63
2025-03-27 09:00:03,XYZ,121.64,4843,121.32,122.58,1.26
2025-03-27 09:00:03,XYZ,193.44,2188,192.95,194.42,1.47
2025-03-27 09:00:03,XYZ,187.08,2403,186.16,187.23,1.07
2025-03-27 09:00:04,XYZ,146.78,5083,146.32,147.76,1.44
2025-03-27 09:00:04,XYZ,180.13,2217,179.14,180.27,1.13
2025-03-27 09:00:04,XYZ,160.55,6289,160.18,161.25,1.07
2025-03-27 09:00:04,XYZ,163.01,4588,162.76,163.72,0.96
2025-03-27 09:00:04,XYZ,131.5,9600,130.92,132.38,1.46
2025-03-27 09:00:05,XYZ,147.11,4056,146.2,147.26,1.06
2025-03-27 09:00:05,XYZ,176.25,9203,175.27,177.24,1.97
2025-03-27 09:00:05,XYZ,198.96,6265,198.79,199.34,0.55
2025-03-27 09:00:05,XYZ,172.67,5875,171.88,173.19,1.31
2025-03-27 09:00:05,XYZ,197.22,4893,196.91,197.84,0.93
2025-03-27 09:00:05,XYZ,144.1,1656,143.63,144.71,1.08
2025-03-27 09:00:05,XYZ,157.85,4706,157.39,158.43,1.04
2025-03-27 09:00:05,XYZ,150.52,8943,149.77,150.74,0.97
2025-03-27 09:00:05,XYZ,165.49,1654,164.81,166.27,1.46
2025-03-27 09:00:05,XYZ,155.48,9274,155.29,156.35,1.06
2025-03-27 09:00:05,XYZ,180.32,6063,179.4,181.2,1.8
2025-03-27 09:00:05,XYZ,128.24,7489,127.99,128.94,0.95
2025-03-27 09:00:05,XYZ,130.98,7213,130.83,131.17,0.34
2025-03-27 09:00:05,XYZ,137.7,4734,137.42,138.4,0.98
2025-03-27 09:00:05,XYZ,177.29,6428,176.66,178.05,1.39
2025-03-27 09:00:05,XYZ,191.79,3559,191.15,192.47,1.32
2025-03-27 09:00:05,XYZ,102.78,8636,102.15,103.41,1.26
2025-03-27 09:00:05,XYZ,128.34,936,128.14,128.47,0.33
2025-03-27 09:00:05,XYZ,133.81,3542,132.85,134.66,1.81
2025-03-27 09:00:05,XYZ,139.13,542,138.21,139.86,1.65
2025-03-27 09:00:06,XYZ,165.71,458,164.86,166.2,1.34
2025-03-27 09:00:06,XYZ,136.13,7783,135.59,137.12,1.53
2025-03-27 09:00:06,XYZ,147.96,7940,147.07,148.38,1.31
2025-03-27 09:00:06,XYZ,147.49,2757,147.2,148.18,0.98
2025-03-27 09:00:06,XYZ,178.68,8456,177.71,178.92,1.21
2025-03-27 09:00:06,XYZ,136.76,8728,135.84,137.19,1.35
2025-03-27 09:00:06,XYZ,141.64,7748,141.06,141.94,0.88
2025-03-27 09:00:06,XYZ,189.16,383,188.2,189.26,1.06
2025-03-27 09:00:06,XYZ,186.14,7409,185.42,186.82,1.4
2025-03-27 09:00:06,XYZ,112.08,9009,111.51,112.5,0.99
2025-03-27 09:00:06,XYZ,167.61,2996,166.84,168.16,1.32
2025-03-27 09:00:06,XYZ,141.24,6984,140.89,141.65,0.76
2025-03-27 09:00:06,XYZ,182.34,3799,181.59,183.13,1.54
2025-03-27 09:00:06,XYZ,181.55,1282,180.82,181.86,1.04
2025-03-27 09:00:06,XYZ,118.6,2878,118.45,119.01,0.56
2025-03-27 09:00:06,XYZ,126.99,747,126.04,127.22,1.18
2025-03-27 09:00:06,XYZ,119.42,6539,119.13,119.55,0.42
2025-03-27 09:00:06,XYZ,143.82,8407,143.07,144.66,1.59
2025-03-27 09:00:06,XYZ,136.76,4136,135.88,137.09,1.21
2025-03-27 09:00:06,XYZ,116.15,1407,115.58,116.85,1.27
2025-03-27 09:00:06,XYZ,197.17,7372,196.57,197.89,1.32
2025-03-27 09:00:06,XYZ,197.55,5520,197.35,198.41,1.06
2025-03-27 09:00:06,XYZ,189.89,8846,189.36,190.23,0.87
2025-03-27 09:00:06,XYZ,177.56,5685,177.39,178.45,1.06
2025-03-27 09:00:06,XYZ,146.14,2249,145.66,146.47,0.81
2025-03-27 09:00:06,XYZ,105.05,2071,104.61,105.42,0.81
2025-03-27 09:00:06,XYZ,191.71,8932,190.8,192.29,1.49
2025-03-27 09:00:06,XYZ,184.43,7451,183.83,185.17,1.34
2025-03-27 09:00:07,XYZ,128.33,2604,127.41,128.8,1.39
2025-03-27 09:00:07,XYZ,148.86,5622,148.3,149.24,0.94
2025-03-27 09:00:07,XYZ,140.72,663,139.9,141.22,1.32
2025-03-27 09:00:07,XYZ,134.06,8179,133.79,134.37,0.58
2025-03-27 09:00:07,XYZ,134.28,9783,133.29,134.81,1.52
2025-03-27 09:00:07,XYZ,180.65,9116,179.76,180.97,1.21
2025-03-27 09:00:07,XYZ,171.78,2461,170.82,172.44,1.62
2025-03-27 09:00:07,XYZ,198.74,9997,198.12,198.94,0.82
2025-03-27 09:00:07,XYZ,180.29,9711,179.37,181.06,1.69
2025-03-27 09:00:07,XYZ,105.93,8433,105.79,106.3,0.51
2025-03-27 09:00:07,XYZ,164.32,7857,163.97,164.43,0.46
2025-03-27 09:00:07,XYZ,103.69,8478,102.8,104.33,1.53
2025-03-27 09:00:07,XYZ,106.74,2893,106.0,107.69,1.69
2025-03-27 09:00:07,XYZ,129.08,9164,128.13,129.22,1.09
2025-03-27 09:00:07,XYZ,101.14,6925,100.6,101.65,1.05
2025-03-27 09:00:07,XYZ,167.55,2503,167.4,168.42,1.02
2025-03-27 09:00:07,XYZ,193.51,3430,192.69,193.66,0.97
2025-03-27 09:00:07,XYZ,101.0,6161,100.89,101.52,0.63
2025-03-27 09:00:07,XYZ,174.35,6287,173.85,174.67,0.82
2025-03-27 09:00:07,XYZ,143.92,1918,143.3,144.35,1.05
2025-03-27 09:00:07,XYZ,179.53,4501,178.61,180.39,1.78
2025-03-27 09:00:07,XYZ,176.82,2804,176.12,177.7,1.58
2025-03-27 09:00:07,XYZ,194.85,2880,194.59,195.22,0.63
2025-03-27 09:00:07,XYZ,147.66,9900,147.22,148.05,0.83
2025-03-27 09:00:07,XYZ,196.68,9566,196.53,197.03,0.5
2025-03-27 09:00:07,XYZ,123.87,5472,123.67,124.59,0.92
2025-03-27 09:00:07,XYZ,183.84,9807,183.22,183.94,0.72
2025-03-27 09:00:08,XYZ,136.23,7528,135.83,136.71,0.88
2025-03-27 09:00:08,XYZ,152.93,1579,152.34,153.42,1.08
2025-03-27 09:00:08,XYZ,181.53,1354,181.26,182.21,0.95
2025-03-27 09:00:08,XYZ,133.67,9222,133.21,134.46,1.25
2025-03-27 09:00:08,XYZ,157.93,2742,157.5,158.22,0.72
2025-03-27 09:00:08,XYZ,133.63,5014,132.8,133.89,1.09
2025-03-27 09:00:08,XYZ,102.2,1102,101.8,102.4,0.6
2025-03-27 09:00:08,XYZ,160.29,9218,159.34,160.5,1.16
2025-03-27 09:00:09,XYZ,186.0,2720,185.31,186.19,0.88
2025-03-27 09:00:09,XYZ,124.1,2527,123.27,124.33,1.06
2025-03-27 09:00:09,XYZ,183.1,2069,182.99,183.78,0.79
2025-03-27 09:00:09,XYZ,183.32,6741,183.12,184.23,1.11
2025-03-27 09:00:09,XYZ,178.51,548,178.03,178.75,0.72
2025-03-27 09:00:09,XYZ,183.34,7274,183.02,184.13,1.11
2025-03-27 09:00:09,XYZ,144.63,5034,144.5,145.39,0.89
2025-03-27 09:00:09,XYZ,136.63,4046,135.67,137.5,1.83
2025-03-27 09:00:09,XYZ,166.18,1119,165.93,166.79,0.86
2025-03-27 09:00:09,XYZ,172.38,6052,171.42,172.49,1.07
2025-03-27 09:00:09,XYZ,111.34,6147,110.78,112.34,1.56
2025-03-27 09:00:09,XYZ,103.28,9033,102.38,104.17,1.79
2025-03-27 09:00:09,XYZ,188.69,1349,187.85,189.05,1.2
2025-03-27 09:00:09,XYZ,119.19,4507,118.86,119.48,0.62
2025-03-27 09:00:09,XYZ,115.37,3717,115.24,116.35,1.11
2025-03-27 09:00:09,XYZ,180.11,9900,179.6,180.84,1.24
2025-03-27 09:00:09,XYZ,133.53,3719,133.01,134.28,1.27
2025-03-27 09:00:09,XYZ,173.31,2110,172.46,174.16,1.7
2025-03-27 09:00:09,XYZ,100.04,8336,99.36,100.44,1.08
2025-03-27 09:00:09,XYZ,199.33,9987,198.84,199.75,0.91
2025-03-27 09:00:10,XYZ,163.48,1592,162.89,164.32,1.43
2025-03-27 09:00:10,XYZ,168.64,5466,168.54,169.22,0.68
2025-03-27 09:00:10,XYZ,141.04,312,140.19,141.54,1.35
2025-03-27 09:00:10,XYZ,104.33,4943,104.12,104.9,0.78
2025-03-27 09:00:10,XYZ,107.78,7247,106.99,107.92,0.93
2025-03-27 09:00:10,XYZ,100.3,3759,100.01,100.57,0.56
2025-03-27 09:00:10,XYZ,152.99,513,152.63,153.71,1.08
2025-03-27 09:00:10,XYZ,178.28,1491,177.94,179.21,1.27
2025-03-27 09:00:10,XYZ,173.12,4542,173.02,173.41,0.39
2025-03-27 09:00:10,XYZ,162.23,8598,162.07,163.17,1.1
2025-03-27 09:00:11,XYZ,133.84,7282,133.09,134.28,1.19
2025-03-27 09:00:11,XYZ,197.51,2049,196.69,197.7,1.01
2025-03-27 09:00:11,XYZ,183.35,8641,183.13,184.31,1.18
2025-03-27 09:00:11,XYZ,199.96,3275,199.39,200.17,0.78
2025-03-27 09:00:11,XYZ,122.12,2402,121.14,122.33,1.19
2025-03-27 09:00:11,XYZ,160.11,6693,159.81,160.27,0.46
2025-03-27 09:00:11,XYZ,148.19,3963,147.34,148.57,1.23
2025-03-27 09:00:11,XYZ,162.37,2271,162.12,163.23,1.11
2025-03-27 09:00:11,XYZ,129.37,1565,128.68,130.32,1.64
2025-03-27 09:00:11,XYZ,160.81,3476,160.09,161.05,0.96
2025-03-27 09:00:11,XYZ,113.74,7318,113.15,114.18,1.03
2025-03-27 09:00:11,XYZ,103.84,3921,103.32,104.83,1.51
2025-03-27 09:00:11,XYZ,183.09,8952,182.93,183.87,0.94
2025-03-27 09:00:11,XYZ,185.89,7521,185.08,186.18,1.1
2025-03-27 09:00:11,XYZ,184.41,5134,184.13,185.33,1.2
2025-03-27 09:00:11,XYZ,188.37,3571,188.23,189.06,0.83
2025-03-27 09:00:11,XYZ,180.96,9207,180.57,181.42,0.85
2025-03-27 09:00:11,XYZ,145.98,1533,145.29,146.8,1.51
2025-03-27 09:00:11,XYZ,155.66,2633,154.89,156.44,1.55
2025-03-27 09:00:11,XYZ,147.85,959,146.92,147.97,1.05
2025-03-27 09:00:11,XYZ,127.36,5250,127.03,127.73,0.7
2025-03-27 09:00:11,XYZ,172.22,8297,171.58,172.58,1.0
2025-03-27 09:00:11,XYZ,127.9,9726,126.92,128.25,1.33
2025-03-27 09:00:11,XYZ,103.79,818,102.88,104.72,1.84
2025-03-27 09:00:11,XYZ,136.2,3693,135.39,136.75,1.36
2025-03-27 09:00:11,XYZ,186.83,6471,186.66,187.03,0.37
2025-03-27 09:00:12,XYZ,115.0,5829,114.1,115.28,1.18
2025-03-27 09:00:12,XYZ,185.09,3032,184.5,185.46,0.96
2025-03-27 09:00:12,XYZ,146.71,2366,146.47,146.87,0.4
2025-03-27 09:00:13,XYZ,116.24,1744,115.66,116.73,1.07
2025-03-27 09:00:13,XYZ,130.65,5924,129.71,131.49,1.78
2025-03-27 09:00:13,XYZ,151.88,1733,151.46,152.46,1.0
2025-03-27 09:00:13,XYZ,128.97,571,128.27,129.16,0.89
2025-03-27 09:00:13,XYZ,147.94,1073,147.21,148.16,0.95
2025-03-27 09:00:13,XYZ,191.41,6397,190.81,192.17,1.36
2025-03-27 09:00:13,XYZ,188.54,3932,187.77,189.52,1.75
2025-03-27 09:00:13,XYZ,182.45,4190,181.85,182.61,0.76
2025-03-27 09:00:13,XYZ,108.02,3997,107.89,108.67,0.78
2025-03-27 09:00:13,XYZ,103.58,975,103.42,104.52,1.1
2025-03-27 09:00:13,XYZ,169.68,7280,169.07,170.08,1.01
2025-03-27 09:00:13,XYZ,101.48,7659,101.0,101.92,0.92
2025-03-27 09:00:13,XYZ,113.85,1648,113.41,114.14,0.73
2025-03-27 09:00:13,XYZ,156.92,3520,156.34,157.3,0.96
2025-03-27 09:00:13,XYZ,158.97,645,157.99,159.8,1.81
2025-03-27 09:00:13,XYZ,188.92,7753,188.35,189.08,0.73
2025-03-27 09:00:13,XYZ,152.47,2815,151.69,153.28,1.59
2025-03-27 09:00:13,XYZ,135.82,4973,134.84,136.62,1.78
2025-03-27 09:00:13,XYZ,127.86,8268,126.97,128.15,1.18
2025-03-27 09:00:13,XYZ,126.26,5536,126.13,126.53,0.4
2025-03-27 09:00:13,XYZ,135.38,8694,134.98,135.51,0.53
2025-03-27 09:00:13,XYZ,117.57,1800,117.09,118.52,1.43
2025-03-27 09:00:13,XYZ,122.97,1182,122.29,123.51,1.22
2025-03-27 09:00:13,XYZ,114.89,1144,114.71,115.48,0.77
2025-03-27 09:00:13,XYZ,179.1,3199,178.36,179.44,1.08
2025-03-27 09:00:13,XYZ,147.03,8241,146.89,147.15,0.26
2025-03-27 09:00:13,XYZ,145.46,4469,145.18,146.01,0.83
2025-03-27 09:00:13,XYZ,193.92,9345,192.96,194.6,1.64
2025-03-27 09:00:13,XYZ,179.3,1607,178.36,179.67,1.31
2025-03-27 09:00:14,XYZ,118.63,9850,117.66,119.22,1.56
2025-03-27 09:00:14,XYZ,153.92,1596,153.41,154.86,1.45
2025-03-27 09:00:14,XYZ,197.63,8962,196.65,198.28,1.63
2025-03-27 09:00:14,XYZ,157.3,6428,157.06,157.61,0.55
2025-03-27 09:00:14,XYZ,138.93,6382,138.23,139.76,1.53
2025-03-27 09:00:14,XYZ,149.11,9485,148.85,149.45,0.6
2025-03-27 09:00:14,XYZ,141.17,1453,140.45,141.59,1.14
2025-03-27 09:00:14,XYZ,179.63,8419,178.9,180.58,1.68
2025-03-27 09:00:14,XYZ,157.01,4657,156.54,157.34,0.8
2025-03-27 09:00:14,XYZ,179.81,2485,179.07,180.24,1.17
2025-03-27 09:00:14,XYZ,181.05,502,180.58,181.39,0.81
2025-03-27 09:00:15,XYZ,167.4,7320,167.24,167.59,0.35
2025-03-27 09:00:15,XYZ,166.56,5403,166.42,167.19,0.77
2025-03-27 09:00:15,XYZ,140.5,8372,140.08,140.71,0.63
2025-03-27 09:00:15,XYZ,109.26,7061,109.14,110.02,0.88
2025-03-27 09:00:15,XYZ,178.81,2286,178.5,179.54,1.04
2025-03-27 09:00:15,XYZ,142.76,5733,142.48,143.42,0.94
2025-03-27 09:00:15,XYZ,189.44,4026,189.17,190.27,1.1
2025-03-27 09:00:15,XYZ,170.4,7085,170.27,170.78,0.51
2025-03-27 09:00:15,XYZ,109.92,6788,109.15,110.6,1.45
2025-03-27 09:00:15,XYZ,136.42,6354,136.21,137.33,1.12
2025-03-27 09:00:15,XYZ,148.82,3575,148.04,149.32,1.28
2025-03-27 09:00:15,XYZ,164.47,6757,164.2,164.71,0.51
2025-03-27 09:00:15,XYZ,108.63,6137,108.14,108.76,0.62
2025-03-27 09:00:15,XYZ,136.83,5370,136.43,137.38,0.95
2025-03-27 09:00:15,XYZ,138.65,4658,138.01,138.81,0.8
2025-03-27 09:00:15,XYZ,182.87,9806,182.34,182.97,0.63
2025-03-27 09:00:15,XYZ,199.88,5925,199.65,200.58,0.93
2025-03-27 09:00:15,XYZ,176.09,3565,175.79,176.64,0.85
2025-03-27 09:00:15,XYZ,100.95,3581,100.72,101.29,0.57
2025-03-27 09:00:15,XYZ,144.6,9003,144.04,145.36,1.32
2025-03-27 09:00:15,XYZ,149.82,6496,149.24,149.97,0.73
2025-03-27 09:00:15,XYZ,106.92,4392,106.42,107.2,0.78
2025-03-27 09:00:15,XYZ,156.64,2545,155.78,157.31,1.53
2025-03-27 09:00:15,XYZ,150.54,314,150.25,150.96,0.71
2025-03-27 09:00:15,XYZ,113.37,818,112.64,113.83,1.19
2025-03-27 09:00:15,XYZ,109.58,2293,109.0,110.17,1.17
2025-03-27 09:00:16,XYZ,114.33,6620,113.33,114.91,1.58
2025-03-27 09:00:16,XYZ,198.67,2652,198.42,199.22,0.8
2025-03-27 09:00:16,XYZ,189.6,421,188.8,190.22,1.42
2025-03-27 09:00:16,XYZ,181.78,9644,180.9,182.32,1.42
2025-03-27 09:00:16,XYZ,194.32,1956,193.43,195.02,1.59
2025-03-27 09:00:16,XYZ,153.69,8725,152.91,154.24,1.33
2025-03-27 09:00:16,XYZ,151.73,406,151.58,152.29,0.71
2025-03-27 09:00:16,XYZ,168.31,5547,167.44,169.19,1.75
2025-03-27 09:00:16,XYZ,178.04,5589,177.36,178.34,0.98
2025-03-27 09:00:16,XYZ,170.37,4057,169.64,170.87,1.23
2025-03-27 09:00:16,XYZ,120.56,3329,119.6,121.3,1.7
2025-03-27 09:00:16,XYZ,106.87,9590,106.15,107.77,1.62
2025-03-27 09:00:16,XYZ,192.37,374,192.04,193.0,0.96
2025-03-27 09:00:16,XYZ,149.0,8998,148.65,149.3,0.65
2025-03-27 09:00:16,XYZ,134.65,7968,134.29,135.38,1.09
2025-03-27 09:00:16,XYZ,132.51,6788,131.89,133.2,1.31
2025-03-27 09:00:16,XYZ,189.48,1228,188.63,189.87,1.24
2025-03-27 09:00:16,XYZ,195.87,6362,195.76,196.24,0.48
2025-03-27 09:00:16,XYZ,128.4,3574,127.66,128.73,1.07
2025-03-27 09:00:16,XYZ,173.59,5290,173.16,174.0,0.84
2025-03-27 09:00:16,XYZ,162.02,3206,161.31,162.36,1.05
2025-03-27 09:00:16,XYZ,133.53,7586,133.03,133.8,0.77
2025-03-27 09:00:16,XYZ,118.51,5163,117.82,119.46,1.64
2025-03-27 09:00:16,XYZ,188.9,5832,188.6,189.11,0.51
2025-03-27 09:00:16,XYZ,128.94,2646,128.83,129.84,1.01
2025-03-27 09:00:16,XYZ,120.75,6112,120.31,120.9,0.59
2025-03-27 09:00:16,XYZ,157.8,3337,157.22,158.29,1.07
2025-03-27 09:00:16,XYZ,170.76,7651,169.97,171.31,1.34
2025-03-27 09:00:16,XYZ,102.01,3541,101.58,102.19,0.61
2025-03-27 09:00:16,XYZ,188.47,3612,187.96,188.62,0.66
2025-03-27 09:00:17,XYZ,189.62,779,189.08,190.15,1.07
2025-03-27 09:00:17,XYZ,146.38,3558,146.2,146.5,0.3
2025-03-27 09:00:17,XYZ,192.2,5455,191.4,192.58,1.18
2025-03-27 09:00:17,XYZ,167.79,9563,167.29,168.19,0.9
2025-03-27 09:00:17,XYZ,136.88,9593,135.95,137.23,1.28
2025-03-27 09:00:17,XYZ,145.73,4190,144.84,145.93,1.09
2025-03-27 09:00:17,XYZ,167.78,6824,167.3,168.56,1.26
2025-03-27 09:00:17,XYZ,156.27,5875,155.77,156.66,0.89
2025-03-27 09:00:17,XYZ,185.09,1389,184.65,185.84,1.19
2025-03-27 09:00:17,XYZ,149.52,7493,149.18,150.19,1.01
2025-03-27 09:00:17,XYZ,196.17,3193,195.87,196.41,0.54
2025-03-27 09:00:17,XYZ,161.9,2319,160.9,162.65,1.75
2025-03-27 09:00:17,XYZ,188.07,3494,187.71,188.39,0.68
2025-03-27 09:00:17,XYZ,113.9,8234,113.75,114.31,0.56
2025-03-27 09:00:17,XYZ,103.16,1768,103.03,104.09,1.06
2025-03-27 09:00:17,XYZ,125.28,5689,124.73,125.46,0.73
2025-03-27 09:00:17,XYZ,144.85,7685,143.89,145.7,1.81
2025-03-27 09:00:17,XYZ,179.07,1038,178.54,179.39,0.85
2025-03-27 09:00:17,XYZ,149.66,566,149.35,150.01,0.66
2025-03-27 09:00:17,XYZ,137.03,3300,136.13,137.77,1.64
2025-03-27 09:00:17,XYZ,182.13,4257,181.83,182.44,0.61
2025-03-27 09:00:17,XYZ,161.36,2185,160.96,161.99,1.03
2025-03-27 09:00:17,XYZ,134.9,1195,134.54,135.51,0.97
2025-03-27 09:00:17,XYZ,119.48,2180,118.79,119.99,1.2
2025-03-27 09:00:17,XYZ,153.44,836,152.49,153.63,1.14
2025-03-27 09:00:18,XYZ,156.85,3684,156.68,157.12,0.44
2025-03-27 09:00:18,XYZ,112.15,3174,111.21,112.56,1.35
2025-03-27 09:00:18,XYZ,156.39,4267,156.09,156.68,0.59
2025-03-27 09:00:18,XYZ,190.43,7107,189.63,190.66,1.03
2025-03-27 09:00:18,XYZ,118.69,9003,117.87,118.97,1.1
2025-03-27 09:00:19,XYZ,147.07,9416,146.23,147.33,1.1
2025-03-27 09:00:19,XYZ,127.59,4952,126.87,128.32,1.45
2025-03-27 09:00:19,XYZ,169.84,1929,169.73,170.25,0.52
2025-03-27 09:00:19,XYZ,148.35,1517,147.98,149.32,1.34
2025-03-27 09:00:19,XYZ,128.75,1846,127.79,129.69,1.9
2025-03-27 09:00:19,XYZ,172.2,5316,171.6,173.03,1.43
2025-03-27 09:00:19,XYZ,166.39,9780,165.39,167.11,1.72
2025-03-27 09:00:19,XYZ,105.03,4543,104.34,105.95,1.61
2025-03-27 09:00:19,XYZ,103.07,1171,102.36,104.04,1.68
2025-03-27 09:00:19,XYZ,140.58,1668,140.05,140.81,0.76
2025-03-27 09:00:19,XYZ,163.39,4980,162.78,164.29,1.51
2025-03-27 09:00:19,XYZ,170.26,3525,169.32,170.83,1.51
2025-03-27 09:00:19,XYZ,150.06,1522,149.29,150.73,1.44
2025-03-27 09:00:19,XYZ,147.57,8862,147.15,148.34,1.19
2025-03-27 09:00:19,XYZ,127.81,8297,127.47,128.48,1.01
2025-03-27 09:00:19,XYZ,181.04,2884,180.33,181.17,0.84
2025-03-27 09:00:19,XYZ,179.92,4307,179.77,180.75,0.98
2025-03-27 09:00:19,XYZ,161.54,6183,160.85,161.72,0.87
2025-03-27 09:00:19,XYZ,187.81,6564,186.98,188.29,1.31
2025-03-27 09:00:19,XYZ,171.59,2562,171.2,172.23,1.03
2025-03-27 09:00:19,XYZ,161.96,5291,161.53,162.51,0.98
2025-03-27 09:00:19,XYZ,140.02,5238,139.9,140.42,0.52
2025-03-27 09:00:19,XYZ,149.74,3663,149.45,149.86,0.41
2025-03-27 09:00:19,XYZ,105.32,1544,105.17,105.76,0.59
2025-03-27 09:00:20,XYZ,143.47,1419,142.58,143.63,1.05
2025-03-27 09:00:20,XYZ,155.11,9533,154.77,155.32,0.55
2025-03-27 09:00:20,XYZ,139.96,4749,139.16,140.23,1.07
2025-03-27 09:00:20,XYZ,143.34,9836,143.23,144.13,0.9
2025-03-27 09:00:20,XYZ,181.87,1551,181.47,182.79,1.32
2025-03-27 09:00:20,XYZ,100.99,9974,100.72,101.58,0.86
2025-03-27 09:00:20,XYZ,186.96,3783,186.09,187.21,1.12
2025-03-27 09:00:20,XYZ,129.64,2163,129.26,130.52,1.26
2025-03-27 09:00:20,XYZ,196.03,3385,195.12,196.38,1.26
2025-03-27 09:00:20,XYZ,195.11,8633,194.26,195.75,1.49
2025-03-27 09:00:20,XYZ,197.79,1548,197.38,198.31,0.93
2025-03-27 09:00:20,XYZ,175.6,7099,174.97,176.2,1.23
2025-03-27 09:00:20,XYZ,136.93,9109,136.49,137.16,0.67
2025-03-27 09:00:20,XYZ,166.13,3561,165.84,166.52,0.68
2025-03-27 09:00:20,XYZ,156.71,4216,155.87,156.96,1.09
2025-03-27 09:00:20,XYZ,109.63,5135,108.75,110.05,1.3
2025-03-27 09:00:20,XYZ,114.85,1937,114.22,115.81,1.59
2025-03-27 09:00:20,XYZ,161.19,3326,160.71,161.49,0.78
2025-03-27 09:00:20,XYZ,162.08,6931,161.85,162.19,0.34
2025-03-27 09:00:20,XYZ,100.01,9659,99.74,100.51,0.77
2025-03-27 09:00:20,XYZ,194.68,560,194.3,195.25,0.95
2025-03-27 09:00:20,XYZ,182.12,7723,181.48,182.67,1.19
2025-03-27 09:00:20,XYZ,172.38,7027,171.69,173.33,1.64
2025-03-27 09:00:20,XYZ,183.87,5938,183.62,184.0,0.38
2025-03-27 09:00:20,XYZ,107.39,4649,106.73,107.83,1.1
2025-03-27 09:00:20,XYZ,191.4,2666,190.62,192.39,1.77
2025-03-27 09:00:20,XYZ,156.1,9656,155.31,156.62,1.31
2025-03-27 09:00:20,XYZ,102.18,3816,101.51,102.3,0.79
2025-03-27 09:00:20,XYZ,156.16,6230,155.6,157.15,1.55
2025-03-27 09:00:20,XYZ,156.21,7532,155.57,156.49,0.92
2025-03-27 09:00:21,XYZ,191.36,2153,190.62,192.28,1.66
2025-03-27 09:00:21,XYZ,162.42,6194,162.23,162.63,0.4
2025-03-27 09:00:21,XYZ,162.31,4511,161.54,162.74,1.2
2025-03-27 09:00:21,XYZ,151.54,2782,151.07,151.75,0.68
2025-03-27 09:00:21,XYZ,175.89,8012,175.64,176.38,0.74
2025-03-27 09:00:21,XYZ,199.49,831,199.29,200.23,0.94
2025-03-27 09:00:21,XYZ,114.9,4539,114.76,115.12,0.36
2025-03-27 09:00:21,XYZ,129.67,8356,128.99,130.23,1.24
2025-03-27 09:00:21,XYZ,131.5,1442,130.96,132.24,1.28
2025-03-27 09:00:21,XYZ,169.51,5591,168.71,169.9,1.19
2025-03-27 09:00:21,XYZ,139.12,5433,138.68,139.74,1.06
2025-03-27 09:00:21,XYZ,192.04,504,191.74,192.25,0.51
2025-03-27 09:00:21,XYZ,134.48,127,133.49,135.33,1.84
2025-03-27 09:00:21,XYZ,123.21,1675,122.97,123.52,0.55
2025-03-27 09:00:22,XYZ,160.76,7088,160.19,161.41,1.22
2025-03-27 09:00:22,XYZ,156.26,2701,155.94,157.09,1.15
2025-03-27 09:00:22,XYZ,195.74,2489,194.83,196.14,1.31
2025-03-27 09:00:22,XYZ,159.09,8894,158.27,159.76,1.49
2025-03-27 09:00:22,XYZ,162.12,5605,161.56,162.63,1.07
2025-03-27 09:00:22,XYZ,127.27,5730,126.89,127.44,0.55
2025-03-27 09:00:22,XYZ,104.22,1815,103.28,104.63,1.35
2025-03-27 09:00:22,XYZ,163.2,8974,162.4,164.09,1.69
2025-03-27 09:00:22,XYZ,189.87,7893,188.95,190.41,1.46
2025-03-27 09:00:22,XYZ,138.92,7047,138.61,139.64,1.03
2025-03-27 09:00:22,XYZ,198.95,9154,198.4,199.11,0.71
2025-03-27 09:00:22,XYZ,127.86,772,127.03,128.24,1.21
2025-03-27 09:00:22,XYZ,168.47,524,167.67,169.21,1.54
2025-03-27 09:00:22,XYZ,116.09,2341,115.69,116.76,1.07
2025-03-27 09:00:22,XYZ,160.81,681,160.03,161.17,1.14
2025-03-27 09:00:22,XYZ,182.64,4133,182.36,183.56,1.2
2025-03-27 09:00:22,XYZ,144.48,2730,144.16,144.58,0.42
2025-03-27 09:00:22,XYZ,142.22,6406,141.6,142.65,1.05
2025-03-27 09:00:22,XYZ,101.0,4269,100.85,101.22,0.37
2025-03-27 09:00:22,XYZ,130.36,9852,129.75,130.83,1.08
2025-03-27 09:00:22,XYZ,140.06,9832,139.06,140.43,1.37
2025-03-27 09:00:22,XYZ,192.17,1631,192.06,192.39,0.33
2025-03-27 09:00:22,XYZ,136.8,7111,136.14,137.74,1.6
2025-03-27 09:00:22,XYZ,183.31,9668,182.95,183.88,0.93
2025-03-27 09:00:22,XYZ,196.03,8122,195.77,196.53,0.76
2025-03-27 09:00:22,XYZ,184.59,3407,183.97,184.96,0.99
2025-03-27 09:00:23,XYZ,180.16,6488,179.18,180.89,1.71
2025-03-27 09:00:23,XYZ,116.91,5792,116.23,117.07,0.84
2025-03-27 09:00:23,XYZ,168.94,4981,168.09,169.08,0.99
2025-03-27 09:00:23,XYZ,193.43,4027,192.51,194.02,1.51
2025-03-27 09:00:23,XYZ,159.02,1309,158.76,159.93,1.17
2025-03-27 09:00:23,XYZ,155.29,2915,154.75,155.61,0.86
2025-03-27 09:00:23,XYZ,123.32,7912,122.77,123.47,0.7
2025-03-27 09:00:23,XYZ,194.74,7821,194.35,195.48,1.13
2025-03-27 09:00:23,XYZ,132.19,3286,131.41,132.32,0.91
2025-03-27 09:00:23,XYZ,180.93,3458,180.31,181.33,1.02
2025-03-27 09:00:23,XYZ,172.75,6035,172.48,173.62,1.14
2025-03-27 09:00:23,XYZ,105.29,9665,104.32,105.97,1.65
2025-03-27 09:00:23,XYZ,168.1,7528,167.45,169.01,1.56
2025-03-27 09:00:24,XYZ,113.36,9961,113.2,113.64,0.44
2025-03-27 09:00:24,XYZ,118.95,9811,117.97,119.15,1.18
2025-03-27 09:00:24,XYZ,111.42,9492,110.6,112.1,1.5
2025-03-27 09:00:24,XYZ,157.27,5621,157.06,157.43,0.37
2025-03-27 09:00:24,XYZ,190.04,5372,189.67,190.51,0.84
2025-03-27 09:00:24,XYZ,175.83,5518,174.96,176.02,1.06
2025-03-27 09:00:24,XYZ,160.37,2362,159.9,161.29,1.39
2025-03-27 09:00:24,XYZ,171.14,480,170.66,171.3,0.64
2025-03-27 09:00:24,XYZ,139.0,3130,138.47,139.7,1.23
2025-03-27 09:00:24,XYZ,199.98,3855,199.53,200.6,1.07
2025-03-27 09:00:24,XYZ,166.87,2691,166.04,167.04,1.0
2025-03-27 09:00:24,XYZ,119.55,1449,118.69,120.47,1.78
2025-03-27 09:00:24,XYZ,171.55,820,170.96,171.81,0.85
2025-03-27 09:00:24,XYZ,121.86,4726,121.34,122.41,1.07
2025-03-27 09:00:24,XYZ,164.44,199,163.82,165.13,1.31
2025-03-27 09:00:24,XYZ,199.19,1365,199.07,199.44,0.37
2025-03-27 09:00:24,XYZ,125.0,4254,124.01,125.57,1.56
2025-03-27 09:00:24,XYZ,138.07,6333,137.55,138.6,1.05
2025-03-27 09:00:24,XYZ,142.48,6659,141.75,143.39,1.64
2025-03-27 09:00:24,XYZ,147.58,6931,146.71,148.45,1.74
2025-03-27 09:00:25,XYZ,196.65,5407,196.38,197.57,1.19
2025-03-27 09:00:25,XYZ,197.05,1992,196.91,197.67,0.76
2025-03-27 09:00:25,XYZ,165.39,8019,164.55,166.12,1.57
2025-03-27 09:00:25,XYZ,110.33,8835,110.18,111.06,0.88
2025-03-27 09:00:25,XYZ,191.89,2159,191.35,192.43,1.08
2025-03-27 09:00:25,XYZ,140.2,1522,140.03,140.98,0.95
2025-03-27 09:00:25,XYZ,155.63,9314,155.37,156.34,0.97
2025-03-27 09:00:25,XYZ,120.2,932,119.5,120.62,1.12
2025-03-27 09:00:25,XYZ,168.4,2179,167.45,169.31,1.86
2025-03-27 09:00:25,XYZ,188.44,9580,187.74,189.27,1.53
2025-03-27 09:00:25,XYZ,187.64,4530,186.82,188.16,1.34
2025-03-27 09:00:25,XYZ,109.13,4507,108.31,110.12,1.81
2025-03-27 09:00:25,XYZ,166.05,8364,165.87,166.18,0.31
2025-03-27 09:00:25,XYZ,189.11,2327,188.55,189.84,1.29
2025-03-27 09:00:25,XYZ,190.66,2063,190.51,191.26,0.75
2025-03-27 09:00:25,XYZ,195.05,3471,194.7,195.98,1.28
2025-03-27 09:00:25,XYZ,139.64,9029,139.11,139.98,0.87
2025-03-27 09:00:25,XYZ,151.73,2328,151.33,151.93,0.6
2025-03-27 09:00:25,XYZ,184.32,3175,184.08,185.31,1.23
2025-03-27 09:00:25,XYZ,127.42,5417,126.46,128.03,1.57
2025-03-27 09:00:25,XYZ,102.38,3682,101.53,103.22,1.69
2025-03-27 09:00:25,XYZ,176.35,8277,175.81,176.52,0.71
2025-03-27 09:00:25,XYZ,103.1,528,102.74,104.09,1.35
2025-03-27 09:00:25,XYZ,135.01,9761,134.81,135.95,1.14
2025-03-27 09:00:25,XYZ,116.33,9051,115.64,117.19,1.55
2025-03-27 09:00:25,XYZ,192.07,2311,191.78,192.58,0.8
2025-03-27 09:00:26,XYZ,128.03,2574,127.24,128.79,1.55
2025-03-27 09:00:26,XYZ,130.66,288,129.67,130.99,1.32
2025-03-27 09:00:26,XYZ,120.63,2794,119.91,121.49,1.58
2025-03-27 09:00:26,XYZ,133.98,1792,133.72,134.36,0.64
2025-03-27 09:00:26,XYZ,144.93,6524,144.5,145.49,0.99
2025-03-27 09:00:26,XYZ,164.15,940,163.46,164.65,1.19
2025-03-27 09:00:26,XYZ,130.63,8780,130.08,130.9,0.82
2025-03-27 09:00:26,XYZ,106.9,8498,106.47,107.31,0.84
2025-03-27 09:00:27,XYZ,159.83,3156,159.69,160.21,0.52
2025-03-27 09:00:27,XYZ,129.64,7319,129.24,129.98,0.74
2025-03-27 09:00:27,XYZ,107.44,1371,106.51,107.74,1.23
2025-03-27 09:00:27,XYZ,107.38,8463,106.53,107.97,1.44
2025-03-27 09:00:27,XYZ,180.89,7877,179.89,181.62,1.73
2025-03-27 09:00:27,XYZ,188.08,5518,187.69,188.77,1.08
2025-03-27 09:00:27,XYZ,118.71,9149,117.87,119.69,1.82
2025-03-27 09:00:27,XYZ,170.64,9086,169.66,171.64,1.98
2025-03-27 09:00:27,XYZ,166.85,7189,166.0,167.2,1.2
2025-03-27 09:00:27,XYZ,184.55,2434,183.66,185.0,1.34
2025-03-27 09:00:27,XYZ,197.47,1532,196.61,198.28,1.67
2025-03-27 09:00:27,XYZ,138.42,5154,137.96,139.31,1.35
2025-03-27 09:00:27,XYZ,159.51,1538,158.7,159.96,1.26
2025-03-27 09:00:27,XYZ,190.22,7832,189.86,191.12,1.26
2025-03-27 09:00:27,XYZ,161.79,9026,160.91,162.24,1.33
2025-03-27 09:00:27,XYZ,110.77,1723,110.02,111.59,1.57
2025-03-27 09:00:27,XYZ,142.56,5731,141.69,142.75,1.06
2025-03-27 09:00:28,XYZ,175.6,714,175.32,176.51,1.19
2025-03-27 09:00:28,XYZ,127.59,920,126.82,128.27,1.45
2025-03-27 09:00:28,XYZ,125.54,5926,125.0,126.11,1.11
2025-03-27 09:00:28,XYZ,113.02,3099,112.58,113.63,1.05
2025-03-27 09:00:28,XYZ,143.94,403,143.65,144.45,0.8
2025-03-27 09:00:28,XYZ,197.46,4664,197.33,197.9,0.57
2025-03-27 09:00:28,XYZ,158.55,2155,158.39,159.42,1.03
2025-03-27 09:00:28,XYZ,121.95,8151,121.65,122.13,0.48
2025-03-27 09:00:28,XYZ,195.46,5164,194.87,196.2,1.33
2025-03-27 09:00:28,XYZ,127.35,6629,126.63,128.31,1.68
2025-03-27 09:00:28,XYZ,181.43,2193,181.13,182.34,1.21
2025-03-27 09:00:28,XYZ,174.49,1567,174.04,175.19,1.15
2025-03-27 09:00:28,XYZ,179.28,6308,178.46,179.57,1.11
2025-03-27 09:00:28,XYZ,115.67,9990,114.8,116.23,1.43
2025-03-27 09:00:28,XYZ,152.44,7796,151.8,153.35,1.55
2025-03-27 09:00:28,XYZ,178.35,3362,178.03,179.22,1.19
2025-03-27 09:00:28,XYZ,190.04,2263,189.38,190.14,0.76
2025-03-27 09:00:28,XYZ,169.36,5806,168.8,169.79,0.99
2025-03-27 09:00:28,XYZ,131.65,1902,131.35,132.45,1.1
2025-03-27 09:00:28,XYZ,106.28,6465,105.45,106.95,1.5
2025-03-27 09:00:28,XYZ,163.8,7335,163.67,164.15,0.48
2025-03-27 09:00:28,XYZ,118.64,9789,118.35,119.09,0.74
2025-03-27 09:00:29,XYZ,109.17,2114,108.92,110.13,1.21
2025-03-27 09:00:29,XYZ,192.82,2102,192.29,193.4,1.11
2025-03-27 09:00:29,XYZ,161.23,1593,160.78,161.71,0.93
2025-03-27 09:00:29,XYZ,130.45,9191,130.21,131.37,1.16
2025-03-27 09:00:29,XYZ,178.26,9984,177.94,179.19,1.25
2025-03-27 09:00:29,XYZ,198.46,5315,198.07,198.98,0.91
2025-03-27 09:00:29,XYZ,128.04,7228,127.43,128.66,1.23
2025-03-27 09:00:29,XYZ,172.03,4079,171.76,172.64,0.88
2025-03-27 09:00:29,XYZ,196.53,9262,196.36,197.52,1.16
2025-03-27 09:00:29,XYZ,155.33,5141,154.76,156.14,1.38
2025-03-27 09:00:29,XYZ,148.08,1820,147.13,148.29,1.16
2025-03-27 09:00:29,XYZ,136.15,8326,135.82,136.78,0.96
2025-03-27 09:00:29,XYZ,163.09,6627,162.36,163.87,1.51
2025-03-27 09:00:29,XYZ,189.47,8054,188.9,190.33,1.43
2025-03-27 09:00:29,XYZ,106.73,611,106.55,106.92,0.37
2025-03-27 09:00:29,XYZ,138.36,6452,137.45,138.82,1.37
2025-03-27 09:00:29,XYZ,181.78,1138,180.97,182.65,1.68
2025-03-27 09:00:29,XYZ,161.8,8465,161.59,162.53,0.94
2025-03-27 09:00:29,XYZ,174.39,7850,174.2,174.84,0.64
2025-03-27 09:00:29,XYZ,171.75,4712,171.18,172.67,1.49
2025-03-27 09:00:29,XYZ,137.09,9205,136.63,138.01,1.38
2025-03-27 09:00:29,XYZ,141.38,2509,140.68,142.01,1.33
2025-03-27 09:00:29,XYZ,142.99,6991,142.57,143.47,0.9
2025-03-27 09:00:29,XYZ,109.71,1451,108.99,110.08,1.09
2025-03-27 09:00:29,XYZ,139.96,1254,139.62,140.12,0.5
2025-03-27 09:00:29,XYZ,127.65,9717,127.11,128.01,0.9
2025-03-27 09:00:29,XYZ,190.77,5844,190.27,191.13,0.86
2025-03-27 09:00:29,XYZ,183.55,8343,182.58,184.42,1.84
2025-03-27 09:00:29,XYZ,119.35,8880,118.86,120.18,1.32
2025-03-27 09:00:30,XYZ,155.18,7463,154.51,155.31,0.8
2025-03-27 09:00:30,XYZ,103.87,3441,103.12,104.81,1.69
2025-03-27 09:00:30,XYZ,188.18,1551,187.83,188.42,0.59
2025-03-27 09:00:30,XYZ,136.92,9937,136.31,137.5,1.19
2025-03-27 09:00:30,XYZ,110.5,9261,109.78,111.19,1.41
2025-03-27 09:00:30,XYZ,119.07,9158,118.87,119.45,0.58
2025-03-27 09:00:30,XYZ,123.78,7354,123.59,124.12,0.53
2025-03-27 09:00:31,XYZ,150.69,1343,150.42,151.45,1.03
2025-03-27 09:00:31,XYZ,118.04,2964,117.58,118.23,0.65
2025-03-27 09:00:31,XYZ,128.83,4636,128.38,129.34,0.96
2025-03-27 09:00:31,XYZ,192.86,9694,192.51,193.49,0.98
2025-03-27 09:00:31,XYZ,193.59,4899,193.26,194.58,1.32
2025-03-27 09:00:31,XYZ,145.0,3913,144.65,145.66,1.01
2025-03-27 09:00:31,XYZ,162.39,4330,161.4,162.66,1.26
2025-03-27 09:00:31,XYZ,130.3,5365,130.02,130.72,0.7
2025-03-27 09:00:31,XYZ,132.12,6160,131.97,132.78,0.81
2025-03-27 09:00:31,XYZ,110.37,4206,109.87,111.02,1.15
2025-03-27 09:00:31,XYZ,172.53,8588,171.94,173.37,1.43
2025-03-27 09:00:31,XYZ,116.97,6752,116.45,117.09,0.64
2025-03-27 09:00:31,XYZ,191.56,6392,191.31,191.66,0.35
2025-03-27 09:00:32,XYZ,105.83,7519,104.91,106.27,1.36
2025-03-27 09:00:32,XYZ,148.05,2902,147.1,148.29,1.19
2025-03-27 09:00:32,XYZ,125.61,8010,125.09,125.77,0.68
2025-03-27 09:00:32,XYZ,101.57,9074,101.37,102.56,1.19
2025-03-27 09:00:32,XYZ,199.65,5788,198.8,199.87,1.07
2025-03-27 09:00:32,XYZ,123.09,9440,122.13,123.4,1.27
2025-03-27 09:00:32,XYZ,116.28,4407,115.51,116.93,1.42
2025-03-27 09:00:32,XYZ,196.44,4654,195.99,197.33,1.34
2025-03-27 09:00:32,XYZ,104.61,5357,103.95,105.14,1.19
2025-03-27 09:00:32,XYZ,196.38,5918,195.61,197.2,1.59
2025-03-27 09:00:32,XYZ,194.81,8292,194.13,195.21,1.08
2025-03-27 09:00:32,XYZ,150.47,3103,149.65,150.72,1.07
2025-03-27 09:00:33,XYZ,121.9,1137,120.98,122.29,1.31
2025-03-27 09:00:33,XYZ,147.98,2074,147.25,148.33,1.08
2025-03-27 09:00:33,XYZ,113.2,6402,112.4,113.64,1.24
2025-03-27 09:00:33,XYZ,166.13,4183,165.53,166.69,1.16
2025-03-27 09:00:33,XYZ,130.51,1997,130.11,130.93,0.82
2025-03-27 09:00:33,XYZ,177.77,9888,176.86,178.64,1.78
2025-03-27 09:00:33,XYZ,120.57,4689,120.25,120.86,0.61
2025-03-27 09:00:34,XYZ,110.88,6651,109.96,111.46,1.5
2025-03-27 09:00:34,XYZ,127.94,5974,127.55,128.25,0.7
2025-03-27 09:00:34,XYZ,136.31,6604,135.87,137.25,1.38
2025-03-27 09:00:34,XYZ,186.69,2459,185.71,187.53,1.82
2025-03-27 09:00:34,XYZ,101.73,4100,101.3,102.71,1.41
2025-03-27 09:00:34,XYZ,138.15,5944,137.67,138.94,1.27
2025-03-27 09:00:34,XYZ,189.7,773,189.47,190.46,0.99
2025-03-27 09:00:34,XYZ,198.51,9546,198.07,198.92,0.85
2025-03-27 09:00:34,XYZ,198.46,1684,197.97,198.91,0.94
2025-03-27 09:00:34,XYZ,135.17,2485,134.52,135.89,1.37
2025-03-27 09:00:34,XYZ,101.6,2961,101.04,102.12,1.08
2025-03-27 09:00:34,XYZ,178.62,7677,177.88,179.51,1.63
2025-03-27 09:00:34,XYZ,148.52,7178,148.22,148.92,0.7
2025-03-27 09:00:34,XYZ,191.9,3485,191.11,192.47,1.36
2025-03-27 09:00:34,XYZ,196.72,166,196.49,197.14,0.65
2025-03-27 09:00:34,XYZ,111.58,2568,110.62,112.47,1.85
2025-03-27 09:00:34,XYZ,147.75,4150,147.21,147.9,0.69
2025-03-27 09:00:34,XYZ,175.07,1748,174.29,175.68,1.39
2025-03-27 09:00:34,XYZ,104.65,2274,104.05,105.06,1.01
2025-03-27 09:00:34,XYZ,121.96,3435,121.03,122.94,1.91
2025-03-27 09:00:34,XYZ,126.77,7451,126.25,126.98,0.73
2025-03-27 09:00:34,XYZ,102.91,7700,102.33,103.2,0.87
2025-03-27 09:00:34,XYZ,105.88,2639,105.75,106.41,0.66
2025-03-27 09:00:34,XYZ,160.39,7736,160.02,160.93,0.91
2025-03-27 09:00:34,XYZ,115.87,893,115.22,116.58,1.36
2025-03-27 09:00:34,XYZ,197.09,1127,196.44,197.33,0.89
2025-03-27 09:00:34,XYZ,111.42,3488,110.97,111.86,0.89
2025-03-27 09:00:35,XYZ,104.67,1474,103.78,104.99,1.21
2025-03-27 09:00:35,XYZ,152.69,3002,151.96,152.86,0.9
2025-03-27 09:00:35,XYZ,115.05,4800,114.8,115.45,0.65
2025-03-27 09:00:35,XYZ,153.22,7289,152.93,153.36,0.43
2025-03-27 09:00:35,XYZ,110.68,346,110.3,111.47,1.17
2025-03-27 09:00:35,XYZ,199.77,5892,199.1,200.26,1.16
2025-03-27 09:00:35,XYZ,122.34,8021,121.89,123.17,1.28
2025-03-27 09:00:35,XYZ,199.65,5808,199.34,199.98,0.64
2025-03-27 09:00:35,XYZ,197.93,3982,197.78,198.43,0.65
2025-03-27 09:00:35,XYZ,141.27,9777,140.64,141.57,0.93
2025-03-27 09:00:35,XYZ,120.41,1692,119.82,120.58,0.76
2025-03-27 09:00:35,XYZ,176.17,4141,175.66,176.61,0.95
2025-03-27 09:00:35,XYZ,173.85,9674,173.72,174.81,1.09
2025-03-27 09:00:35,XYZ,152.14,1766,151.8,152.97,1.17
2025-03-27 09:00:35,XYZ,155.66,8968,155.11,156.39,1.28
2025-03-27 09:00:35,XYZ,161.44,5445,161.23,161.68,0.45
2025-03-27 09:00:35,XYZ,196.59,827,195.68,197.14,1.46
2025-03-27 09:00:35,XYZ,113.15,730,112.9,113.68,0.78
2025-03-27 09:00:35,XYZ,124.08,3775,123.38,124.95,1.57
2025-03-27 09:00:36,XYZ,135.85,1498,135.38,135.97,0.59
2025-03-27 09:00:36,XYZ,169.85,8636,169.68,170.49,0.81
2025-03-27 09:00:36,XYZ,102.71,6259,102.07,102.86,0.79
2025-03-27 09:00:36,XYZ,147.65,4411,147.03,148.27,1.24
2025-03-27 09:00:36,XYZ,156.19,4852,155.25,156.76,1.51
2025-03-27 09:00:36,XYZ,186.14,6485,185.37,186.49,1.12
2025-03-27 09:00:36,XYZ,182.09,1311,181.54,183.0,1.46
2025-03-27 09:00:36,XYZ,151.39,9806,150.87,151.6,0.73
2025-03-27 09:00:36,XYZ,121.43,3810,121.0,121.56,0.56
2025-03-27 09:00:36,XYZ,150.76,9441,150.05,151.1,1.05
2025-03-27 09:00:36,XYZ,109.21,6007,108.81,110.14,1.33
2025-03-27 09:00:36,XYZ,193.63,6920,193.5,194.31,0.81
2025-03-27 09:00:36,XYZ,118.87,9158,118.76,119.85,1.09
2025-03-27 09:00:37,XYZ,197.16,9650,196.53,198.09,1.56
2025-03-27 09:00:37,XYZ,123.38,7770,122.83,123.65,0.82
2025-03-27 09:00:37,XYZ,103.56,4266,103.06,104.34,1.28
2025-03-27 09:00:37,XYZ,115.28,9839,115.09,116.15,1.06
2025-03-27 09:00:37,XYZ,149.13,5000,148.4,149.57,1.17
2025-03-27 09:00:37,XYZ,113.95,7347,113.82,114.84,1.02
2025-03-27 09:00:37,XYZ,125.75,6325,124.9,126.11,1.21
2025-03-27 09:00:37,XYZ,125.57,9047,124.76,126.22,1.46
2025-03-27 09:00:37,XYZ,143.38,6715,143.07,144.19,1.12
2025-03-27 09:00:38,XYZ,118.94,2859,118.84,119.6,0.76
2025-03-27 09:00:38,XYZ,185.75,5254,185.04,186.03,0.99
2025-03-27 09:00:39,XYZ,110.21,5934,109.7,110.55,0.85
2025-03-27 09:00:39,XYZ,125.51,4357,125.22,126.41,1.19
2025-03-27 09:00:39,XYZ,153.46,7331,153.09,154.17,1.08
2025-03-27 09:00:39,XYZ,102.68,5272,102.29,102.86,0.57
2025-03-27 09:00:39,XYZ,184.05,6234,183.33,184.81,1.48
2025-03-27 09:00:39,XYZ,182.46,2720,181.67,183.28,1.61
2025-03-27 09:00:39,XYZ,155.03,656,154.58,155.99,1.41
2025-03-27 09:00:39,XYZ,139.86,1594,139.05,140.18,1.13
2025-03-27 09:00:39,XYZ,134.88,877,133.9,135.62,1.72
2025-03-27 09:00:39,XYZ,155.94,9621,155.19,156.86,1.67
2025-03-27 09:00:39,XYZ,121.9,7117,121.34,122.1,0.76
2025-03-27 09:00:39,XYZ,134.34,8333,133.69,134.52,0.83
2025-03-27 09:00:39,XYZ,101.41,6918,101.2,101.99,0.79
2025-03-27 09:00:39,XYZ,161.22,2394,160.75,161.89,1.14
2025-03-27 09:00:39,XYZ,141.48,1392,141.0,142.06,1.06
2025-03-27 09:00:39,XYZ,138.84,3201,137.97,139.11,1.14
2025-03-27 09:00:39,XYZ,120.55,3759,120.28,121.45,1.17
2025-03-27 09:00:39,XYZ,183.29,2081,182.66,183.78,1.12
2025-03-27 09:00:39,XYZ,196.09,6506,195.93,196.76,0.83
2025-03-27 09:00:39,XYZ,125.97,1122,125.29,126.17,0.88
2025-03-27 09:00:39,XYZ,179.72,3178,178.83,180.52,1.69
2025-03-27 09:00:39,XYZ,103.95,7642,103.28,104.72,1.44
2025-03-27 09:00:39,XYZ,110.12,2752,109.94,110.7,0.76
2025-03-27 09:00:40,XYZ,111.78,1447,111.5,112.54,1.04
2025-03-27 09:00:40,XYZ,147.76,8917,147.48,148.66,1.18
2025-03-27 09:00:40,XYZ,164.91,8099,164.08,165.44,1.36
2025-03-27 09:00:40,XYZ,111.45,6703,110.89,112.38,1.49
2025-03-27 09:00:40,XYZ,124.67,7448,124.41,125.44,1.03
2025-03-27 09:00:40,XYZ,138.53,8307,137.97,139.46,1.49
2025-03-27 09:00:40,XYZ,165.19,2106,164.92,165.32,0.4
2025-03-27 09:00:40,XYZ,190.72,8367,189.83,191.26,1.43
2025-03-27 09:00:40,XYZ,131.49,4704,131.3,132.02,0.72
2025-03-27 09:00:40,XYZ,172.34,9195,171.8,172.44,0.64
2025-03-27 09:00:40,XYZ,163.3,2987,162.56,164.2,1.64
2025-03-27 09:00:40,XYZ,153.71,2845,153.56,153.83,0.27
2025-03-27 09:00:40,XYZ,122.93,6026,121.95,123.92,1.97
2025-03-27 09:00:40,XYZ,100.19,8936,99.71,100.93,1.22
2025-03-27 09:00:40,XYZ,182.67,6955,181.92,183.16,1.24
2025-03-27 09:00:40,XYZ,112.38,2064,111.4,112.76,1.36
2025-03-27 09:00:40,XYZ,169.57,4244,169.33,169.74,0.41
2025-03-27 09:00:41,XYZ,139.98,8849,139.29,140.96,1.67
2025-03-27 09:00:41,XYZ,153.02,8650,152.88,153.65,0.77
2025-03-27 09:00:41,XYZ,185.82,3838,185.56,186.72,1.16
2025-03-27 09:00:41,XYZ,113.69,8443,112.99,114.63,1.64
2025-03-27 09:00:41,XYZ,158.12,7626,157.38,158.63,1.25
2025-03-27 09:00:41,XYZ,154.03,9475,153.22,154.31,1.09
2025-03-27 09:00:41,XYZ,104.53,6692,103.75,104.67,0.92
2025-03-27 09:00:41,XYZ,129.73,3990,129.13,130.13,1.0
2025-03-27 09:00:41,XYZ,146.51,3548,145.73,147.13,1.4
2025-03-27 09:00:41,XYZ,109.81,2731,108.94,110.27,1.33
2025-03-27 09:00:41,XYZ,174.82,4057,174.43,175.79,1.36
2025-03-27 09:00:41,XYZ,117.84,9574,117.09,118.83,1.74
2025-03-27 09:00:41,XYZ,165.9,6228,165.11,166.14,1.03
2025-03-27 09:00:41,XYZ,175.36,2005,174.49,176.29,1.8
2025-03-27 09:00:41,XYZ,109.98,3647,109.06,110.56,1.5
2025-03-27 09:00:42,XYZ,195.81,3449,195.09,196.07,0.98
2025-03-27 09:00:42,XYZ,118.71,1299,118.55,119.23,0.68
2025-03-27 09:00:42,XYZ,183.05,7555,182.86,183.44,0.58
2025-03-27 09:00:42,XYZ,158.56,3285,158.18,159.06,0.88
2025-03-27 09:00:42,XYZ,147.79,3030,147.27,148.64,1.37
2025-03-27 09:00:42,XYZ,100.38,8555,99.85,100.98,1.13
2025-03-27 09:00:42,XYZ,197.86,7953,197.69,198.54,0.85
2025-03-27 09:00:42,XYZ,123.55,4354,122.76,124.49,1.73
2025-03-27 09:00:42,XYZ,102.73,8742,102.48,103.0,0.52
2025-03-27 09:00:42,XYZ,114.31,2534,113.94,115.08,1.14
2025-03-27 09:00:42,XYZ,140.81,6049,140.31,141.43,1.12
2025-03-27 09:00:42,XYZ,155.06,9303,154.45,155.92,1.47
2025-03-27 09:00:42,XYZ,119.89,2625,118.94,120.54,1.6
2025-03-27 09:00:42,XYZ,155.13,1098,154.95,155.99,1.04
2025-03-27 09:00:42,XYZ,183.95,1102,183.46,184.26,0.8
2025-03-27 09:00:42,XYZ,110.17,2713,109.8,110.28,0.48
2025-03-27 09:00:42,XYZ,114.93,3991,114.48,115.4,0.92
2025-03-27 09:00:42,XYZ,121.78,8403,121.53,122.0,0.47
2025-03-27 09:00:43,XYZ,194.38,8770,193.85,195.0,1.15
2025-03-27 09:00:43,XYZ,151.01,3824,150.13,151.66,1.53
2025-03-27 09:00:43,XYZ,122.41,7418,122.14,123.12,0.98
2025-03-27 09:00:43,XYZ,161.47,1421,161.09,162.4,1.31
2025-03-27 09:00:43,XYZ,123.36,2722,122.73,124.1,1.37
2025-03-27 09:00:43,XYZ,145.53,5379,145.18,145.92,0.74
2025-03-27 09:00:43,XYZ,154.67,472,153.93,155.0,1.07
2025-03-27 09:00:43,XYZ,172.99,4997,172.59,173.98,1.39
2025-03-27 09:00:43,XYZ,121.79,2753,121.0,122.05,1.05
2025-03-27 09:00:43,XYZ,110.16,3919,109.96,110.39,0.43
2025-03-27 09:00:43,XYZ,140.59,7710,140.28,140.75,0.47
2025-03-27 09:00:43,XYZ,171.52,6806,171.21,172.16,0.95
2025-03-27 09:00:43,XYZ,158.43,2468,158.2,158.67,0.47
2025-03-27 09:00:43,XYZ,189.93,132,189.55,190.58,1.03
2025-03-27 09:00:43,XYZ,109.03,3000,108.76,109.84,1.08
2025-03-27 09:00:43,XYZ,135.32,8804,135.15,136.24,1.09
2025-03-27 09:00:43,XYZ,125.62,264,124.97,126.02,1.05
2025-03-27 09:00:43,XYZ,195.11,7795,194.19,196.03,1.84
2025-03-27 09:00:43,XYZ,186.69,8571,186.47,187.45,0.98
2025-03-27 09:00:43,XYZ,180.69,3676,180.27,181.02,0.75
2025-03-27 09:00:43,XYZ,110.64,9649,110.03,111.39,1.36
2025-03-27 09:00:43,XYZ,199.07,8650,198.93,199.56,0.63
2025-03-27 09:00:43,XYZ,120.96,6132,120.45,121.76,1.31
2025-03-27 09:00:43,XYZ,190.91,824,190.03,191.76,1.73
2025-03-27 09:00:43,XYZ,119.14,3255,118.61,119.96,1.35
2025-03-27 09:00:43,XYZ,100.16,3977,99.94,100.52,0.58
2025-03-27 09:00:43,XYZ,161.12,5246,160.79,161.86,1.07
2025-03-27 09:00:44,XYZ,139.14,2627,138.53,139.83,1.3
2025-03-27 09:00:44,XYZ,100.01,5909,99.19,100.87,1.68
2025-03-27 09:00:44,XYZ,152.91,7847,152.53,153.6,1.07
2025-03-27 09:00:44,XYZ,103.1,4751,102.27,103.69,1.42
2025-03-27 09:00:44,XYZ,136.16,4187,135.37,136.33,0.96
2025-03-27 09:00:44,XYZ,136.11,580,135.93,136.76,0.83
2025-03-27 09:00:44,XYZ,158.53,5431,157.87,159.38,1.51
2025-03-27 09:00:44,XYZ,150.71,6828,150.48,151.53,1.05
2025-03-27 09:00:44,XYZ,163.68,9790,162.77,164.65,1.88
2025-03-27 09:00:44,XYZ,150.39,7249,149.69,150.73,1.04
2025-03-27 09:00:44,XYZ,100.3,6665,100.14,100.6,0.46
2025-03-27 09:00:44,XYZ,120.89,9428,120.78,121.26,0.48
2025-03-27 09:00:44,XYZ,123.7,1869,123.52,124.61,1.09
2025-03-27 09:00:44,XYZ,164.97,9835,164.11,165.96,1.85
2025-03-27 09:00:44,XYZ,104.96,4941,104.38,105.73,1.35
2025-03-27 09:00:44,XYZ,177.02,4388,176.9,177.7,0.8
2025-03-27 09:00:44,XYZ,169.49,7258,168.79,169.66,0.87
2025-03-27 09:00:44,XYZ,131.46,7604,130.58,131.66,1.08
2025-03-27 09:00:44,XYZ,121.47,3210,120.5,121.71,1.21
2025-03-27 09:00:45,XYZ,183.49,3551,182.54,183.66,1.12
2025-03-27 09:00:45,XYZ,131.69,6974,131.33,131.94,0.61
2025-03-27 09:00:45,XYZ,159.97,1984,159.82,160.51,0.69
2025-03-27 09:00:45,XYZ,194.5,6331,193.63,194.74,1.11
2025-03-27 09:00:45,XYZ,186.58,9378,186.16,187.21,1.05
2025-03-27 09:00:45,XYZ,144.45,3455,143.51,144.61,1.1
2025-03-27 09:00:45,XYZ,109.95,974,108.98,110.22,1.24
2025-03-27 09:00:45,XYZ,146.63,7856,145.89,147.33,1.44
2025-03-27 09:00:45,XYZ,131.64,5913,131.04,132.37,1.33
2025-03-27 09:00:45,XYZ,188.74,2628,188.15,189.12,0.97
2025-03-27 09:00:45,XYZ,179.3,8205,178.31,180.05,1.74
2025-03-27 09:00:45,XYZ,124.68,1489,124.12,124.93,0.81
2025-03-27 09:00:45,XYZ,134.28,9048,133.38,135.01,1.63
2025-03-27 09:00:45,XYZ,111.07,8653,110.11,111.24,1.13
2025-03-27 09:00:45,XYZ,129.55,8021,129.29,130.37,1.08
2025-03-27 09:00:45,XYZ,136.03,1874,135.84,136.8,0.96
2025-03-27 09:00:45,XYZ,148.16,7092,147.77,148.64,0.87
2025-03-27 09:00:45,XYZ,199.22,4211,198.9,199.61,0.71
2025-03-27 09:00:45,XYZ,174.44,7867,173.47,175.37,1.9
2025-03-27 09:00:45,XYZ,144.59,395,144.26,144.92,0.66
2025-03-27 09:00:45,XYZ,190.79,7878,189.83,191.52,1.69
2025-03-27 09:00:46,XYZ,102.4,9551,101.49,103.31,1.82
2025-03-27 09:00:46,XYZ,117.25,3126,116.97,117.66,0.69
2025-03-27 09:00:46,XYZ,133.69,3333,133.45,134.32,0.87
2025-03-27 09:00:47,XYZ,136.92,4946,136.67,137.76,1.09
2025-03-27 09:00:47,XYZ,165.28,5911,164.45,166.23,1.78
2025-03-27 09:00:47,XYZ,189.15,5914,188.19,189.64,1.45
2025-03-27 09:00:47,XYZ,186.32,9226,185.53,187.11,1.58
2025-03-27 09:00:47,XYZ,183.53,335,182.84,183.97,1.13
2025-03-27 09:00:47,XYZ,186.54,1931,185.93,187.09,1.16
2025-03-27 09:00:47,XYZ,114.58,9936,114.05,115.2,1.15
2025-03-27 09:00:47,XYZ,154.75,9376,153.93,154.88,0.95
2025-03-27 09:00:47,XYZ,179.18,7829,178.65,179.85,1.2
2025-03-27 09:00:47,XYZ,182.45,5311,181.77,182.83,1.06
2025-03-27 09:00:47,XYZ,156.56,6431,155.85,156.97,1.12
2025-03-27 09:00:47,XYZ,181.19,2121,181.06,182.13,1.07
2025-03-27 09:00:47,XYZ,101.02,2134,100.19,101.83,1.64
2025-03-27 09:00:47,XYZ,124.05,7573,123.74,124.17,0.43
2025-03-27 09:00:47,XYZ,137.86,2124,137.52,138.27,0.75
2025-03-27 09:00:47,XYZ,191.15,6494,190.31,191.54,1.23
2025-03-27 09:00:47,XYZ,185.45,7918,184.57,186.11,1.54
2025-03-27 09:00:47,XYZ,146.51,5592,145.77,146.97,1.2
2025-03-27 09:00:47,XYZ,168.03,6387,167.21,169.01,1.8
2025-03-27 09:00:47,XYZ,113.34,728,112.35,113.89,1.54
2025-03-27 09:00:47,XYZ,124.67,182,124.45,125.63,1.18
2025-03-27 09:00:47,XYZ,185.5,9058,185.34,185.81,0.47
2025-03-27 09:00:47,XYZ,177.02,8887,176.86,177.82,0.96
2025-03-27 09:00:47,XYZ,155.74,7220,154.78,156.02,1.24
2025-03-27 09:00:47,XYZ,157.4,5521,157.08,158.02,0.94
2025-03-27 09:00:47,XYZ,101.47,7258,100.78,101.84,1.06
2025-03-27 09:00:47,XYZ,192.48,1306,192.02,193.13,1.11
2025-03-27 09:00:48,XYZ,175.27,3299,174.54,176.27,1.73
2025-03-27 09:00:48,XYZ,114.14,7831,113.58,114.56,0.98
2025-03-27 09:00:48,XYZ,139.49,3104,138.84,140.03,1.19
2025-03-27 09:00:48,XYZ,161.52,1903,160.74,162.28,1.54
2025-03-27 09:00:48,XYZ,194.27,1326,193.47,195.25,1.78
2025-03-27 09:00:48,XYZ,181.65,2238,180.93,182.6,1.67
2025-03-27 09:00:48,XYZ,130.18,2791,129.64,130.38,0.74
2025-03-27 09:00:48,XYZ,168.42,990,167.76,169.19,1.43
2025-03-27 09:00:48,XYZ,115.59,4079,115.28,115.74,0.46
2025-03-27 09:00:48,XYZ,196.65,3688,196.44,197.33,0.89
2025-03-27 09:00:48,XYZ,174.58,4194,174.15,174.9,0.75
2025-03-27 09:00:48,XYZ,108.31,1270,107.86,108.46,0.6
2025-03-27 09:00:48,XYZ,123.93,4964,123.53,124.52,0.99
2025-03-27 09:00:48,XYZ,189.95,5746,189.06,190.57,1.51
2025-03-27 09:00:48,XYZ,178.56,1379,178.33,178.66,0.33
2025-03-27 09:00:48,XYZ,134.65,2313,134.3,134.78,0.48
2025-03-27 09:00:48,XYZ,118.97,2286,118.77,119.29,0.52
2025-03-27 09:00:48,XYZ,192.19,4892,191.27,192.5,1.23
2025-03-27 09:00:49,XYZ,118.14,2478,117.59,118.3,0.71
2025-03-27 09:00:49,XYZ,151.13,6410,150.94,151.68,0.74
2025-03-27 09:00:49,XYZ,177.6,3763,177.45,178.49,1.04
2025-03-27 09:00:49,XYZ,102.07,4844,101.4,102.94,1.54
2025-03-27 09:00:49,XYZ,181.78,7685,181.27,182.13,0.86
2025-03-27 09:00:49,XYZ,159.32,679,158.66,159.87,1.21
2025-03-27 09:00:49,XYZ,118.95,3425,117.96,119.24,1.28
2025-03-27 09:00:49,XYZ,177.0,1800,176.68,177.62,0.94
2025-03-27 09:00:49,XYZ,167.83,1854,166.97,168.34,1.37
2025-03-27 09:00:49,XYZ,158.44,7455,157.51,158.85,1.34
2025-03-27 09:00:49,XYZ,188.55,1075,187.92,188.77,0.85
2025-03-27 09:00:50,XYZ,153.84,8924,153.44,154.58,1.14
2025-03-27 09:00:51,XYZ,188.91,8837,188.49,189.91,1.42
2025-03-27 09:00:51,XYZ,123.36,2804,122.44,123.55,1.11
2025-03-27 09:00:51,XYZ,185.8,6737,185.37,186.59,1.22
2025-03-27 09:00:51,XYZ,152.18,8741,151.82,152.92,1.1
2025-03-27 09:00:51,XYZ,138.66,6334,137.95,139.39,1.44
2025-03-27 09:00:51,XYZ,172.56,3902,171.86,173.52,1.66
2025-03-27 09:00:51,XYZ,177.8,4750,177.08,178.46,1.38
2025-03-27 09:00:51,XYZ,148.26,166,148.08,148.83,0.75
2025-03-27 09:00:51,XYZ,175.28,3101,174.82,175.85,1.03
2025-03-27 09:00:51,XYZ,170.05,7092,169.19,170.95,1.76
2025-03-27 09:00:51,XYZ,183.89,8071,182.99,184.63,1.64
2025-03-27 09:00:51,XYZ,145.94,6615,145.29,146.51,1.22
2025-03-27 09:00:51,XYZ,153.46,9583,152.54,154.43,1.89
2025-03-27 09:00:52,XYZ,152.63,5154,152.43,152.94,0.51
2025-03-27 09:00:52,XYZ,168.54,7120,167.91,168.98,1.07
2025-03-27 09:00:52,XYZ,123.15,3408,122.58,123.3,0.72
2025-03-27 09:00:52,XYZ,161.58,3843,161.28,162.09,0.81
2025-03-27 09:00:52,XYZ,196.55,522,196.24,196.99,0.75
2025-03-27 09:00:53,XYZ,130.14,629,129.85,130.62,0.77
2025-03-27 09:00:53,XYZ,114.73,307,114.08,114.9,0.82
2025-03-27 09:00:53,XYZ,162.48,6227,161.62,163.43,1.81
2025-03-27 09:00:53,XYZ,170.79,4301,170.07,171.11,1.04
2025-03-27 09:00:53,XYZ,111.71,3460,111.32,112.02,0.7
2025-03-27 09:00:53,XYZ,102.48,6660,101.96,103.01,1.05
2025-03-27 09:00:53,XYZ,176.42,9540,175.82,176.8,0.98
2025-03-27 09:00:53,XYZ,187.81,7208,187.43,188.21,0.78
2025-03-27 09:00:53,XYZ,140.39,6782,139.43,140.77,1.34
2025-03-27 09:00:53,XYZ,141.19,7391,140.36,141.55,1.19
2025-03-27 09:00:53,XYZ,189.48,2125,188.86,189.95,1.09
2025-03-27 09:00:53,XYZ,129.81,6250,129.36,130.02,0.66
2025-03-27 09:00:53,XYZ,164.39,2100,163.9,165.06,1.16
2025-03-27 09:00:53,XYZ,101.85,5581,101.63,102.49,0.86
2025-03-27 09:00:54,XYZ,129.36,3338,128.7,129.79,1.09
2025-03-27 09:00:54,XYZ,173.13,5288,172.58,173.42,0.84
2025-03-27 09:00:54,XYZ,121.72,7401,121.43,121.9,0.47
2025-03-27 09:00:54,XYZ,122.19,6032,121.32,123.13,1.81
2025-03-27 09:00:54,XYZ,172.19,6253,171.94,173.02,1.08
2025-03-27 09:00:54,XYZ,173.49,9259,172.71,174.2,1.49
2025-03-27 09:00:54,XYZ,130.43,5429,129.82,130.63,0.81
2025-03-27 09:00:54,XYZ,195.08,7720,194.6,195.88,1.28
2025-03-27 09:00:54,XYZ,111.41,9689,111.19,112.24,1.05
2025-03-27 09:00:54,XYZ,143.17,3721,143.01,143.86,0.85
2025-03-27 09:00:54,XYZ,139.15,9494,138.46,139.64,1.18
2025-03-27 09:00:54,XYZ,177.52,1511,176.84,177.7,0.86
2025-03-27 09:00:54,XYZ,110.73,5744,110.58,111.36,0.78
2025-03-27 09:00:54,XYZ,110.23,280,109.29,110.61,1.32
2025-03-27 09:00:54,XYZ,101.42,9324,100.63,101.69,1.06
2025-03-27 09:00:54,XYZ,102.41,4317,101.5,103.39,1.89
2025-03-27 09:00:54,XYZ,109.37,3147,108.98,109.76,0.78
2025-03-27 09:00:54,XYZ,147.37,5216,146.38,148.34,1.96
2025-03-27 09:00:54,XYZ,149.3,623,148.7,149.41,0.71
2025-03-27 09:00:54,XYZ,172.37,6044,171.86,172.57,0.71
2025-03-27 09:00:54,XYZ,190.83,9895,190.0,190.99,0.99
2025-03-27 09:00:54,XYZ,118.72,3206,117.96,118.99,1.03
2025-03-27 09:00:54,XYZ,168.03,2837,167.73,168.59,0.86
2025-03-27 09:00:54,XYZ,113.0,7521,112.06,113.77,1.71
2025-03-27 09:00:54,XYZ,179.28,8399,178.58,179.93,1.35
2025-03-27 09:00:54,XYZ,153.68,4697,153.13,154.09,0.96
2025-03-27 09:00:55,XYZ,139.23,4942,138.48,139.86,1.38
2025-03-27 09:00:55,XYZ,142.0,6728,141.89,142.14,0.25
2025-03-27 09:00:55,XYZ,103.47,972,102.47,104.3,1.83
2025-03-27 09:00:56,XYZ,150.84,4858,150.25,151.55,1.3
2025-03-27 09:00:56,XYZ,175.74,3724,174.91,176.22,1.31
2025-03-27 09:00:56,XYZ,137.0,3521,136.78,137.24,0.46
2025-03-27 09:00:56,XYZ,128.53,748,127.56,129.2,1.64
2025-03-27 09:00:56,XYZ,198.91,6800,198.74,199.36,0.62
2025-03-27 09:00:56,XYZ,191.69,8065,190.98,191.91,0.93
2025-03-27 09:00:56,XYZ,151.19,168,151.04,151.56,0.52
2025-03-27 09:00:56,XYZ,165.79,3948,165.47,166.72,1.25
2025-03-27 09:00:56,XYZ,187.57,7308,187.26,187.86,0.6
2025-03-27 09:00:56,XYZ,185.65,8785,185.49,186.54,1.05
2025-03-27 09:00:56,XYZ,145.96,8504,145.49,146.31,0.82
2025-03-27 09:00:56,XYZ,119.49,877,119.12,120.24,1.12
2025-03-27 09:00:56,XYZ,103.65,1234,103.08,104.49,1.41
2025-03-27 09:00:56,XYZ,134.84,7457,134.56,135.6,1.04
2025-03-27 09:00:57,XYZ,144.89,8779,144.77,145.81,1.04
2025-03-27 09:00:57,XYZ,160.22,301,159.37,161.13,1.76
2025-03-27 09:00:57,XYZ,185.66,9187,185.1,185.92,0.82
2025-03-27 09:00:57,XYZ,155.8,8214,155.33,155.95,0.62
2025-03-27 09:00:57,XYZ,122.95,5908,122.37,123.08,0.71
2025-03-27 09:00:57,XYZ,192.28,1356,191.77,192.74,0.97
2025-03-27 09:00:57,XYZ,146.17,498,145.41,146.87,1.46
2025-03-27 09:00:57,XYZ,154.62,5954,153.96,155.45,1.49
2025-03-27 09:00:57,XYZ,136.61,6434,135.74,137.48,1.74
2025-03-27 09:00:57,XYZ,143.12,6798,142.5,143.86,1.36
2025-03-27 09:00:57,XYZ,160.44,5528,160.22,161.13,0.91
2025-03-27 09:00:57,XYZ,186.17,217,185.5,187.16,1.66
2025-03-27 09:00:57,XYZ,155.3,444,154.62,155.98,1.36
2025-03-27 09:00:57,XYZ,126.74,3339,126.24,127.46,1.22
2025-03-27 09:00:57,XYZ,188.33,6479,187.59,188.95,1.36
2025-03-27 09:00:57,XYZ,137.07,5259,136.57,137.84,1.27
2025-03-27 09:00:57,XYZ,140.51,6196,140.31,141.29,0.98
2025-03-27 09:00:57,XYZ,143.44,8914,143.21,143.74,0.53
2025-03-27 09:00:57,XYZ,130.9,2632,130.62,131.42,0.8
2025-03-27 09:00:57,XYZ,179.15,6801,178.82,180.04,1.22
2025-03-27 09:00:58,XYZ,112.99,216,112.69,113.32,0.63
2025-03-27 09:00:58,XYZ,120.13,6932,119.28,120.39,1.11
2025-03-27 09:00:58,XYZ,113.53,5054,112.59,113.88,1.29
2025-03-27 09:00:58,XYZ,156.68,7685,156.29,157.09,0.8
2025-03-27 09:00:58,XYZ,164.98,4655,164.77,165.71,0.94
2025-03-27 09:00:58,XYZ,181.21,7210,180.58,181.78,1.2
2025-03-27 09:00:58,XYZ,189.14,3843,188.32,189.97,1.65
2025-03-27 09:00:58,XYZ,171.53,9268,171.34,172.26,0.92
2025-03-27 09:00:58,XYZ,188.14,3249,187.72,188.28,0.56
2025-03-27 09:00:58,XYZ,148.3,2689,147.75,148.59,0.84
2025-03-27 09:00:59,XYZ,113.25,2993,112.68,114.18,1.5
2025-03-27 09:00:59,XYZ,112.75,8831,112.27,113.36,1.09
2025-03-27 09:00:59,XYZ,150.52,2264,149.63,150.87,1.24
2025-03-27 09:00:59,XYZ,198.55,9145,198.34,199.34,1.0
2025-03-27 09:00:59,XYZ,108.97,5993,108.06,109.78,1.72
2025-03-27 09:00:59,XYZ,152.09,7043,151.81,152.6,0.79
2025-03-27 09:00:59,XYZ,168.4,6271,168.02,168.71,0.69
2025-03-27 09:00:59,XYZ,194.31,5347,193.79,194.89,1.1
2025-03-27 09:00:59,XYZ,153.11,9544,152.93,154.06,1.13
2025-03-27 09:00:59,XYZ,108.05,659,107.09,108.27,1.18
2025-03-27 09:00:59,XYZ,130.53,6745,130.03,130.99,0.96
2025-03-27 09:00:59,XYZ,183.0,2379,182.01,183.5,1.49
2025-03-27 09:00:59,XYZ,150.91,9697,150.25,151.53,1.28
2025-03-27 09:00:59,XYZ,163.82,8256,163.61,164.18,0.57
2025-03-27 09:00:59,XYZ,124.2,5115,123.92,124.63,0.71
2025-03-27 09:00:59,XYZ,127.2,9463,126.85,127.75,0.9
2025-03-27 09:00:59,XYZ,150.55,7605,150.4,151.43,1.03
2025-03-27 09:00:59,XYZ,112.15,4572,111.85,112.82,0.97
2025-03-27 09:00:59,XYZ,130.23,3862,129.3,131.15,1.85
2025-03-27 09:00:59,XYZ,112.21,3688,111.36,112.58,1.22
2025-03-27 09:00:59,XYZ,104.66,3141,103.98,104.87,0.89
2025-03-27 09:00:59,XYZ,123.84,5942,122.91,124.03,1.12
2025-03-27 09:00:59,XYZ,103.75,515,102.94,104.37,1.43
2025-03-27 09:00:59,XYZ,196.18,7187,195.97,196.99,1.02
2025-03-27 09:01:00,XYZ,180.91,9863,180.46,181.74,1.28
2025-03-27 09:01:00,XYZ,155.13,8166,154.92,155.23,0.31
2025-03-27 09:01:00,XYZ,145.06,2774,144.82,145.31,0.49
2025-03-27 09:01:00,XYZ,126.3,2823,125.37,126.45,1.08
2025-03-27 09:01:00,XYZ,104.94,9023,104.65,105.91,1.26
2025-03-27 09:01:00,XYZ,173.68,8872,173.31,174.55,1.24
2025-03-27 09:01:00,XYZ,121.85,3708,121.61,121.95,0.34
2025-03-27 09:01:00,XYZ,100.92,3624,100.11,101.28,1.17
2025-03-27 09:01:00,XYZ,146.5,7231,145.83,146.7,0.87
2025-03-27 09:01:00,XYZ,138.27,7924,137.91,139.1,1.19
2025-03-27 09:01:00,XYZ,105.56,326,104.64,106.43,1.79
2025-03-27 09:01:00,XYZ,141.7,2783,141.48,141.95,0.47
2025-03-27 09:01:00,XYZ,154.81,7369,154.19,155.34,1.15
2025-03-27 09:01:00,XYZ,143.59,3374,142.77,144.42,1.65
2025-03-27 09:01:00,XYZ,187.38,9104,186.88,188.09,1.21
2025-03-27 09:01:00,XYZ,169.34,6597,168.5,170.28,1.78
2025-03-27 09:01:00,XYZ,112.89,4426,112.24,113.89,1.65
2025-03-27 09:01:00,XYZ,199.75,9123,199.36,199.99,0.63
2025-03-27 09:01:00,XYZ,116.6,3755,115.95,117.43,1.48
2025-03-27 09:01:00,XYZ,186.84,5656,185.86,187.68,1.82
2025-03-27 09:01:00,XYZ,111.39,7289,110.5,112.05,1.55
2025-03-27 09:01:00,XYZ,183.5,5339,183.19,183.86,0.67
2025-03-27 09:01:00,XYZ,109.59,7286,108.8,109.71,0.91
2025-03-27 09:01:00,XYZ,127.6,2114,127.16,127.87,0.71
2025-03-27 09:01:00,XYZ,172.53,867,171.77,172.87,1.1
2025-03-27 09:01:00,XYZ,123.64,3655,122.8,124.43,1.63
2025-03-27 09:01:00,XYZ,172.85,1431,172.47,173.13,0.66
2025-03-27 09:01:00,XYZ,191.93,7585,191.59,192.86,1.27
2025-03-27 09:01:00,XYZ,109.08,1768,108.45,109.86,1.41
2025-03-27 09:01:01,XYZ,199.83,3897,199.43,200.02,0.59
2025-03-27 09:01:01,XYZ,198.67,6796,197.83,198.8,0.97
2025-03-27 09:01:01,XYZ,129.11,3789,128.87,129.88,1.01
2025-03-27 09:01:01,XYZ,192.99,3667,192.57,193.18,0.61
2025-03-27 09:01:01,XYZ,110.68,4011,110.41,110.88,0.47
2025-03-27 09:01:01,XYZ,117.69,9027,116.9,118.27,1.37
2025-03-27 09:01:01,XYZ,139.48,6505,138.55,139.92,1.37
2025-03-27 09:01:01,XYZ,142.82,9329,142.59,142.98,0.39
2025-03-27 09:01:01,XYZ,115.64,5502,114.92,116.52,1.6
2025-03-27 09:01:01,XYZ,122.49,4711,121.92,122.66,0.74
2025-03-27 09:01:01,XYZ,167.1,7966,166.41,167.33,0.92
2025-03-27 09:01:01,XYZ,189.73,6424,189.12,190.58,1.46
2025-03-27 09:01:01,XYZ,185.87,1110,185.13,186.71,1.58
2025-03-27 09:01:01,XYZ,193.69,1721,193.4,194.16,0.76
2025-03-27 09:01:01,XYZ,105.58,2169,104.83,105.92,1.09
2025-03-27 09:01:01,XYZ,157.52,9855,157.1,157.86,0.76
2025-03-27 09:01:01,XYZ,131.35,9682,130.76,132.01,1.25
2025-03-27 09:01:01,XYZ,171.98,5055,171.83,172.94,1.11
2025-03-27 09:01:01,XYZ,148.09,7860,147.18,148.34,1.16
2025-03-27 09:01:01,XYZ,156.0,5412,155.05,156.59,1.54
2025-03-27 09:01:01,XYZ,167.88,8957,167.1,168.13,1.03
2025-03-27 09:01:01,XYZ,173.57,5168,173.41,173.8,0.39
2025-03-27 09:01:01,XYZ,199.27,4661,198.57,200.16,1.59
2025-03-27 09:01:01,XYZ,181.45,5046,181.2,182.24,1.04
2025-03-27 09:01:01,XYZ,191.98,7972,191.45,192.67,1.22
2025-03-27 09:01:01,XYZ,159.46,5342,158.72,159.78,1.06
2025-03-27 09:01:01,XYZ,119.72,4531,119.37,119.93,0.56
2025-03-27 09:01:02,XYZ,140.78,948,139.91,141.07,1.16
2025-03-27 09:01:02,XYZ,189.45,9410,189.03,190.36,1.33
2025-03-27 09:01:02,XYZ,187.67,5922,187.37,188.26,0.89
2025-03-27 09:01:02,XYZ,138.0,180,137.33,138.72,1.39
2025-03-27 09:01:02,XYZ,168.5,5805,167.54,169.47,1.93
2025-03-27 09:01:02,XYZ,167.57,7385,167.06,168.31,1.25
2025-03-27 09:01:02,XYZ,164.2,7543,163.62,165.16,1.54
2025-03-27 09:01:03,XYZ,151.68,6006,150.82,152.57,1.75
2025-03-27 09:01:03,XYZ,130.06,5486,129.81,130.17,0.36
2025-03-27 09:01:03,XYZ,152.65,6324,152.13,153.07,0.94
2025-03-27 09:01:03,XYZ,187.52,7907,186.97,187.82,0.85
2025-03-27 09:01:03,XYZ,127.11,1275,126.86,127.44,0.58
2025-03-27 09:01:03,XYZ,179.94,7427,179.46,180.39,0.93
2025-03-27 09:01:03,XYZ,106.73,8518,106.39,106.89,0.5
2025-03-27 09:01:03,XYZ,109.6,8855,109.47,110.17,0.7
2025-03-27 09:01:03,XYZ,181.48,3037,180.59,181.84,1.25
2025-03-27 09:01:03,XYZ,131.16,2318,130.45,131.27,0.82
2025-03-27 09:01:03,XYZ,146.42,7509,146.0,147.19,1.19
2025-03-27 09:01:03,XYZ,184.55,6138,184.45,185.52,1.07
2025-03-27 09:01:03,XYZ,119.26,5084,118.6,119.48,0.88
2025-03-27 09:01:03,XYZ,148.96,4030,148.03,149.83,1.8
2025-03-27 09:01:03,XYZ,103.3,9608,102.75,103.65,0.9
2025-03-27 09:01:03,XYZ,136.78,3429,136.5,137.02,0.52
2025-03-27 09:01:03,XYZ,197.42,963,197.0,198.41,1.41
2025-03-27 09:01:04,XYZ,131.18,9452,130.41,131.39,0.98
2025-03-27 09:01:04,XYZ,156.84,3850,156.57,157.34,0.77
2025-03-27 09:01:04,XYZ,172.07,4793,171.88,172.73,0.85
2025-03-27 09:01:04,XYZ,139.87,4864,139.4,140.72,1.32
2025-03-27 09:01:04,XYZ,121.91,3089,121.17,122.64,1.47
2025-03-27 09:01:04,XYZ,168.31,4378,167.61,168.68,1.07
2025-03-27 09:01:04,XYZ,171.5,8605,171.13,172.45,1.32
2025-03-27 09:01:04,XYZ,121.39,5777,121.01,122.13,1.12
2025-03-27 09:01:04,XYZ,133.14,2280,132.39,133.42,1.03
2025-03-27 09:01:04,XYZ,190.76,5968,190.41,191.69,1.28
2025-03-27 09:01:04,XYZ,122.17,4462,122.06,122.61,0.55
2025-03-27 09:01:04,XYZ,181.98,3863,181.23,182.96,1.73
2025-03-27 09:01:04,XYZ,110.32,1326,110.11,111.09,0.98
2025-03-27 09:01:04,XYZ,160.08,6378,159.51,161.06,1.55
2025-03-27 09:01:04,XYZ,115.38,7128,115.03,116.09,1.06
2025-03-27 09:01:04,XYZ,168.37,5457,167.61,168.57,0.96
2025-03-27 09:01:04,XYZ,154.46,6168,153.92,155.05,1.13
2025-03-27 09:01:04,XYZ,180.96,7799,180.29,181.62,1.33
2025-03-27 09:01:05,XYZ,155.95,5744,155.65,156.18,0.53
2025-03-27 09:01:05,XYZ,121.72,2108,121.19,122.06,0.87
2025-03-27 09:01:05,XYZ,199.84,3300,199.31,200.58,1.27
2025-03-27 09:01:05,XYZ,158.25,5278,157.78,158.99,1.21
2025-03-27 09:01:05,XYZ,162.16,3132,161.9,163.09,1.19
2025-03-27 09:01:05,XYZ,171.47,7971,170.51,172.32,1.81
2025-03-27 09:01:05,XYZ,165.68,4891,165.51,166.25,0.74
2025-03-27 09:01:05,XYZ,147.48,3928,146.91,147.87,0.96
2025-03-27 09:01:05,XYZ,134.37,4880,133.8,135.08,1.28
2025-03-27 09:01:05,XYZ,159.12,3375,158.48,159.64,1.16
2025-03-27 09:01:05,XYZ,129.22,256,128.42,129.91,1.49
2025-03-27 09:01:05,XYZ,159.61,6588,159.13,159.81,0.68
2025-03-27 09:01:05,XYZ,197.88,3774,197.5,198.74,1.24
2025-03-27 09:01:05,XYZ,112.42,3564,112.22,113.02,0.8
2025-03-27 09:01:05,XYZ,121.53,9442,121.05,122.3,1.25
2025-03-27 09:01:05,XYZ,194.37,4656,193.51,194.9,1.39
2025-03-27 09:01:06,XYZ,136.58,9901,136.11,137.14,1.03
2025-03-27 09:01:06,XYZ,170.21,1712,169.62,170.7,1.08
2025-03-27 09:01:06,XYZ,101.36,7924,100.86,101.83,0.97
2025-03-27 09:01:06,XYZ,182.93,8275,182.35,183.39,1.04
2025-03-27 09:01:06,XYZ,146.99,8312,146.76,147.88,1.12
2025-03-27 09:01:06,XYZ,154.73,2180,154.01,155.02,1.01
2025-03-27 09:01:06,XYZ,134.83,2911,134.67,135.53,0.86
2025-03-27 09:01:06,XYZ,166.79,4144,166.3,167.4,1.1
2025-03-27 09:01:06,XYZ,147.08,1906,146.93,147.82,0.89
2025-03-27 09:01:06,XYZ,101.28,1107,101.11,101.74,0.63
2025-03-27 09:01:06,XYZ,143.01,9731,142.89,143.8,0.91
2025-03-27 09:01:06,XYZ,197.8,6926,197.33,198.18,0.85
2025-03-27 09:01:06,XYZ,159.37,9331,159.18,159.74,0.56
2025-03-27 09:01:06,XYZ,161.16,3546,160.45,161.76,1.31
2025-03-27 09:01:06,XYZ,122.6,2862,121.68,123.46,1.78
2025-03-27 09:01:06,XYZ,180.12,873,179.8,180.37,0.57
2025-03-27 09:01:06,XYZ,101.05,1699,100.5,101.74,1.24
2025-03-27 09:01:06,XYZ,177.79,7325,177.29,178.63,1.34
2025-03-27 09:01:06,XYZ,175.03,8290,174.43,175.2,0.77
2025-03-27 09:01:06,XYZ,110.21,5337,109.96,110.59,0.63
2025-03-27 09:01:06,XYZ,109.17,9038,108.94,109.28,0.34
2025-03-27 09:01:06,XYZ,133.69,6918,132.89,134.32,1.43
2025-03-27 09:01:07,XYZ,136.95,4722,136.29,137.34,1.05
2025-03-27 09:01:07,XYZ,192.99,1297,192.25,193.17,0.92
2025-03-27 09:01:07,XYZ,107.64,7560,107.07,107.76,0.69
2025-03-27 09:01:07,XYZ,147.14,5881,146.49,147.37,0.88
2025-03-27 09:01:07,XYZ,121.04,5587,120.22,121.78,1.56
2025-03-27 09:01:07,XYZ,144.11,8220,143.7,144.24,0.54
2025-03-27 09:01:07,XYZ,118.87,1287,118.6,119.44,0.84
2025-03-27 09:01:07,XYZ,194.55,1017,193.87,195.06,1.19
2025-03-27 09:01:07,XYZ,138.39,6587,137.55,138.55,1.0
2025-03-27 09:01:07,XYZ,131.02,8133,130.33,131.14,0.81
2025-03-27 09:01:07,XYZ,169.16,2986,168.47,169.6,1.13
2025-03-27 09:01:07,XYZ,139.02,2724,138.45,139.77,1.32
2025-03-27 09:01:07,XYZ,159.85,5121,159.26,160.43,1.17
2025-03-27 09:01:07,XYZ,141.52,3251,140.81,142.0,1.19
2025-03-27 09:01:07,XYZ,170.51,4518,169.54,170.78,1.24
2025-03-27 09:01:07,XYZ,131.84,6515,131.4,132.53,1.13
2025-03-27 09:01:07,XYZ,155.75,3918,155.45,156.11,0.66
2025-03-27 09:01:07,XYZ,108.23,8160,107.84,108.61,0.77
2025-03-27 09:01:07,XYZ,100.8,5578,99.83,101.55,1.72
2025-03-27 09:01:07,XYZ,141.4,4581,140.51,142.14,1.63
2025-03-27 09:01:07,XYZ,136.59,3426,136.25,137.33,1.08
2025-03-27 09:01:07,XYZ,111.8,5222,111.18,112.41,1.23
2025-03-27 09:01:07,XYZ,117.34,5669,116.74,118.31,1.57
2025-03-27 09:01:07,XYZ,166.26,8200,165.6,166.91,1.31
2025-03-27 09:01:07,XYZ,198.78,3775,198.03,199.14,1.11
2025-03-27 09:01:07,XYZ,193.6,7466,193.46,194.6,1.14
2025-03-27 09:01:08,XYZ,113.01,9250,112.25,113.27,1.02
2025-03-27 09:01:08,XYZ,129.15,1417,128.64,129.66,1.02
2025-03-27 09:01:08,XYZ,123.57,4734,122.86,124.17,1.31
2025-03-27 09:01:08,XYZ,127.38,8696,126.43,128.2,1.77
2025-03-27 09:01:08,XYZ,170.12,3967,169.96,170.24,0.28
2025-03-27 09:01:08,XYZ,136.83,8173,136.18,137.16,0.98
2025-03-27 09:01:08,XYZ,105.78,5970,105.11,106.37,1.26
2025-03-27 09:01:08,XYZ,124.98,2233,124.32,125.83,1.51
2025-03-27 09:01:08,XYZ,154.08,614,153.34,154.54,1.2
2025-03-27 09:01:08,XYZ,101.41,5081,100.76,101.69,0.93
2025-03-27 09:01:08,XYZ,186.23,1340,186.1,186.42,0.32
2025-03-27 09:01:08,XYZ,122.23,1684,121.76,122.98,1.22
2025-03-27 09:01:08,XYZ,180.92,5493,180.04,181.17,1.13
2025-03-27 09:01:08,XYZ,198.66,7708,198.08,199.08,1.0
2025-03-27 09:01:08,XYZ,152.96,5372,152.43,153.71,1.28
2025-03-27 09:01:08,XYZ,188.7,2804,188.13,188.9,0.77
2025-03-27 09:01:08,XYZ,155.44,6608,155.2,155.81,0.61
2025-03-27 09:01:08,XYZ,151.78,3441,151.45,152.73,1.28
2025-03-27 09:01:08,XYZ,160.79,8995,160.25,161.17,0.92
2025-03-27 09:01:09,XYZ,103.1,6830,102.85,103.85,1.0
2025-03-27 09:01:09,XYZ,170.08,6855,169.94,170.63,0.69
2025-03-27 09:01:09,XYZ,148.67,9220,147.96,148.92,0.96
2025-03-27 09:01:09,XYZ,186.49,4452,185.86,186.63,0.77
2025-03-27 09:01:09,XYZ,109.43,3043,109.2,110.04,0.84
2025-03-27 09:01:09,XYZ,185.03,1582,184.58,185.29,0.71
2025-03-27 09:01:09,XYZ,149.6,5340,149.3,150.06,0.76
2025-03-27 09:01:09,XYZ,144.38,1720,143.81,145.26,1.45
2025-03-27 09:01:09,XYZ,195.14,3737,194.68,195.66,0.98
2025-03-27 09:01:09,XYZ,139.91,4778,139.1,140.19,1.09
2025-03-27 09:01:09,XYZ,106.22,2492,105.28,106.78,1.5
2025-03-27 09:01:09,XYZ,170.79,6605,170.62,171.4,0.78
2025-03-27 09:01:09,XYZ,167.35,4649,166.5,167.95,1.45
2025-03-27 09:01:09,XYZ,199.22,9872,198.35,199.33,0.98
2025-03-27 09:01:09,XYZ,182.3,864,181.42,182.91,1.49
2025-03-27 09:01:09,XYZ,110.94,9130,110.83,111.48,0.65
2025-03-27 09:01:09,XYZ,171.95,227,171.8,172.09,0.29
2025-03-27 09:01:09,XYZ,169.67,4036,169.21,170.5,1.29
2025-03-27 09:01:09,XYZ,156.73,8999,156.41,157.07,0.66
2025-03-27 09:01:09,XYZ,100.5,2557,99.79,100.82,1.03
2025-03-27 09:01:09,XYZ,160.38,682,159.84,160.83,0.99
2025-03-27 09:01:09,XYZ,125.5,4949,125.4,125.91,0.51
2025-03-27 09:01:09,XYZ,120.96,7494,120.18,121.27,1.09
2025-03-27 09:01:09,XYZ,157.63,2720,156.84,157.85,1.01
2025-03-27 09:01:09,XYZ,141.61,2527,141.2,142.21,1.01
2025-03-27 09:01:09,XYZ,134.11,7423,133.24,134.64,1.4
2025-03-27 09:01:09,XYZ,164.17,2210,164.07,164.58,0.51
2025-03-27 09:01:09,XYZ,177.46,1405,176.47,177.89,1.42
2025-03-27 09:01:09,XYZ,122.79,4033,122.54,123.75,1.21
2025-03-27 09:01:10,XYZ,198.33,2053,197.43,198.52,1.09
2025-03-27 09:01:10,XYZ,172.14,6911,171.32,172.76,1.44
2025-03-27 09:01:10,XYZ,160.63,5305,160.26,160.77,0.51
2025-03-27 09:01:10,XYZ,111.96,777,111.18,112.79,1.61
2025-03-27 09:01:10,XYZ,143.06,1817,142.79,143.48,0.69
2025-03-27 09:01:11,XYZ,195.0,3257,194.04,195.76,1.72
2025-03-27 09:01:11,XYZ,109.56,4311,108.59,110.5,1.91
2025-03-27 09:01:11,XYZ,189.28,5260,188.83,189.53,0.7
2025-03-27 09:01:11,XYZ,103.06,6514,102.54,103.59,1.05
2025-03-27 09:01:11,XYZ,170.42,5511,170.32,170.6,0.28
2025-03-27 09:01:11,XYZ,166.98,6564,166.61,167.17,0.56
2025-03-27 09:01:11,XYZ,143.17,5205,142.17,143.85,1.68
2025-03-27 09:01:11,XYZ,143.56,9836,142.88,143.97,1.09
2025-03-27 09:01:11,XYZ,134.03,9260,133.44,134.61,1.17
2025-03-27 09:01:11,XYZ,178.39,8794,178.26,178.74,0.48
2025-03-27 09:01:11,XYZ,189.1,3697,188.36,189.63,1.27
2025-03-27 09:01:11,XYZ,180.29,9971,179.51,180.55,1.04
2025-03-27 09:01:11,XYZ,117.61,1964,117.04,118.08,1.04
2025-03-27 09:01:11,XYZ,152.72,4635,152.03,152.95,0.92
2025-03-27 09:01:11,XYZ,194.96,8808,193.97,195.72,1.75
2025-03-27 09:01:11,XYZ,110.66,3977,109.96,111.53,1.57
2025-03-27 09:01:11,XYZ,179.32,2214,178.7,179.96,1.26
2025-03-27 09:01:11,XYZ,118.29,6170,117.67,118.93,1.26
2025-03-27 09:01:11,XYZ,121.61,4391,120.71,121.86,1.15
2025-03-27 09:01:11,XYZ,118.07,5062,117.64,118.47,0.83
2025-03-27 09:01:11,XYZ,125.65,6277,124.94,126.06,1.12
2025-03-27 09:01:11,XYZ,195.29,1879,194.41,195.72,1.31
2025-03-27 09:01:11,XYZ,126.2,7281,125.49,126.76,1.27
2025-03-27 09:01:11,XYZ,108.7,8356,108.0,108.96,0.96
2025-03-27 09:01:11,XYZ,153.42,9508,152.95,153.9,0.95
2025-03-27 09:01:11,XYZ,158.39,449,158.29,159.38,1.09
2025-03-27 09:01:11,XYZ,137.3,9491,137.01,137.86,0.85
2025-03-27 09:01:11,XYZ,178.35,9483,177.71,178.83,1.12
2025-03-27 09:01:11,XYZ,106.29,4384,105.35,107.14,1.79
2025-03-27 09:01:12,XYZ,103.82,7117,102.95,104.36,1.41
2025-03-27 09:01:12,XYZ,102.54,723,101.73,102.92,1.19
2025-03-27 09:01:12,XYZ,166.61,5377,166.37,167.27,0.9
2025-03-27 09:01:12,XYZ,192.3,5789,191.31,193.28,1.97
2025-03-27 09:01:12,XYZ,167.15,7400,166.5,167.73,1.23
2025-03-27 09:01:12,XYZ,139.4,8092,138.85,139.96,1.11
2025-03-27 09:01:12,XYZ,118.99,7290,118.43,119.32,0.89
2025-03-27 09:01:12,XYZ,105.9,9759,105.12,106.39,1.27
2025-03-27 09:01:12,XYZ,173.45,4719,172.74,174.31,1.57
2025-03-27 09:01:12,XYZ,194.03,4336,193.17,194.97,1.8
2025-03-27 09:01:12,XYZ,175.01,817,174.22,175.42,1.2
2025-03-27 09:01:12,XYZ,129.53,9907,129.23,129.63,0.4
2025-03-27 09:01:12,XYZ,112.03,3978,111.32,112.81,1.49
2025-03-27 09:01:12,XYZ,150.36,8698,149.65,151.22,1.57
2025-03-27 09:01:12,XYZ,133.24,7326,132.47,134.13,1.66
2025-03-27 09:01:12,XYZ,174.92,3680,174.66,175.65,0.99
2025-03-27 09:01:12,XYZ,152.3,6572,151.87,153.12,1.25
2025-03-27 09:01:12,XYZ,167.91,5144,167.41,168.22,0.81
2025-03-27 09:01:13,XYZ,132.69,5576,132.24,133.53,1.29
2025-03-27 09:01:13,XYZ,123.5,1737,122.93,124.22,1.29
2025-03-27 09:01:13,XYZ,186.76,6679,186.13,187.49,1.36
2025-03-27 09:01:13,XYZ,134.83,1540,134.72,134.99,0.27
2025-03-27 09:01:13,XYZ,155.12,5165,154.41,155.45,1.04
2025-03-27 09:01:13,XYZ,125.78,5882,125.44,126.72,1.28
2025-03-27 09:01:13,XYZ,161.34,6589,160.56,161.84,1.28
2025-03-27 09:01:13,XYZ,122.2,5458,121.27,123.09,1.82
2025-03-27 09:01:13,XYZ,157.53,8352,156.96,158.34,1.38
2025-03-27 09:01:13,XYZ,190.53,2177,190.33,190.95,0.62
2025-03-27 09:01:13,XYZ,167.98,1257,167.0,168.84,1.84
2025-03-27 09:01:13,XYZ,109.35,9355,109.09,109.71,0.62
2025-03-27 09:01:13,XYZ,109.91,6019,108.91,110.23,1.32
2025-03-27 09:01:13,XYZ,132.7,145,132.14,133.29,1.15
2025-03-27 09:01:13,XYZ,125.51,6474,125.38,125.62,0.24
2025-03-27 09:01:13,XYZ,147.23,3305,146.52,147.97,1.45
2025-03-27 09:01:13,XYZ,143.47,1429,142.83,144.15,1.32
2025-03-27 09:01:13,XYZ,199.19,4768,198.28,199.74,1.46
2025-03-27 09:01:13,XYZ,178.11,612,177.53,178.46,0.93
2025-03-27 09:01:13,XYZ,159.3,2363,158.48,159.79,1.31
2025-03-27 09:01:13,XYZ,186.41,7058,185.55,187.01,1.46
2025-03-27 09:01:13,XYZ,159.43,9454,159.27,160.06,0.79
2025-03-27 09:01:13,XYZ,142.06,3355,141.24,142.38,1.14
2025-03-27 09:01:13,XYZ,102.31,2502,101.97,102.86,0.89
2025-03-27 09:01:13,XYZ,109.54,9143,108.88,110.2,1.32
2025-03-27 09:01:13,XYZ,190.35,7150,190.08,190.84,0.76
2025-03-27 09:01:13,XYZ,104.5,1306,103.83,105.07,1.24
2025-03-27 09:01:14,XYZ,156.48,1630,155.64,157.02,1.38
2025-03-27 09:01:14,XYZ,104.81,682,104.4,105.19,0.79
2025-03-27 09:01:14,XYZ,179.37,4795,178.76,179.6,0.84
2025-03-27 09:01:14,XYZ,102.21,5734,101.65,102.43,0.78
2025-03-27 09:01:14,XYZ,164.96,8763,164.74,165.32,0.58
2025-03-27 09:01:14,XYZ,164.47,5922,163.66,164.72,1.06
2025-03-27 09:01:14,XYZ,113.88,1476,113.02,114.14,1.12
2025-03-27 09:01:14,XYZ,105.05,6043,104.82,105.78,0.96
2025-03-27 09:01:14,XYZ,125.59,2033,124.93,125.96,1.03
2025-03-27 09:01:14,XYZ,174.17,6963,173.55,174.74,1.19
2025-03-27 09:01:14,XYZ,166.95,1120,166.61,167.32,0.71
2025-03-27 09:01:14,XYZ,108.77,3753,107.9,109.08,1.18
2025-03-27 09:01:14,XYZ,115.83,1038,115.19,116.79,1.6
2025-03-27 09:01:14,XYZ,104.62,6035,104.11,104.92,0.81
2025-03-27 09:01:14,XYZ,151.99,8731,151.32,152.51,1.19
2025-03-27 09:01:14,XYZ,142.3,1435,141.71,143.05,1.34
2025-03-27 09:01:14,XYZ,110.88,2425,110.45,111.27,0.82
2025-03-27 09:01:14,XYZ,187.41,8459,186.96,187.65,0.69
2025-03-27 09:01:14,XYZ,157.57,4959,156.68,157.97,1.29
2025-03-27 09:01:14,XYZ,158.24,8344,157.87,159.18,1.31
2025-03-27 09:01:14,XYZ,106.81,8175,106.29,107.68,1.39
2025-03-27 09:01:14,XYZ,142.69,7465,141.7,142.85,1.15
2025-03-27 09:01:14,XYZ,125.98,2928,125.61,126.83,1.22
2025-03-27 09:01:14,XYZ,115.26,5995,114.84,115.9,1.06
2025-03-27 09:01:15,XYZ,155.49,5109,154.92,156.21,1.29
2025-03-27 09:01:15,XYZ,124.18,5046,123.67,124.6,0.93
2025-03-27 09:01:15,XYZ,167.95,3402,167.71,168.8,1.09
2025-03-27 09:01:15,XYZ,193.36,5815,192.77,194.19,1.42
2025-03-27 09:01:15,XYZ,184.89,5486,184.29,185.79,1.5
2025-03-27 09:01:15,XYZ,100.91,5264,100.7,101.7,1.0
2025-03-27 09:01:15,XYZ,172.14,3662,171.29,173.04,1.75
2025-03-27 09:01:15,XYZ,110.59,1007,109.64,111.32,1.68
2025-03-27 09:01:15,XYZ,165.93,8436,165.74,166.13,0.39
2025-03-27 09:01:15,XYZ,123.2,1838,122.55,123.88,1.33
2025-03-27 09:01:15,XYZ,152.07,8337,151.23,152.31,1.08
2025-03-27 09:01:15,XYZ,166.73,8363,166.29,167.61,1.32
2025-03-27 09:01:15,XYZ,121.21,6207,120.34,121.36,1.02
2025-03-27 09:01:15,XYZ,148.94,884,148.37,149.19,0.82
2025-03-27 09:01:15,XYZ,174.72,2764,174.21,175.32,1.11
2025-03-27 09:01:15,XYZ,145.63,2417,145.34,146.35,1.01
2025-03-27 09:01:15,XYZ,141.31,9990,140.85,141.46,0.61
2025-03-27 09:01:15,XYZ,182.89,6609,182.58,183.23,0.65
2025-03-27 09:01:16,XYZ,199.41,4327,198.53,200.24,1.71
2025-03-27 09:01:16,XYZ,160.57,8100,160.45,161.32,0.87
2025-03-27 09:01:16,XYZ,199.18,3321,198.55,199.96,1.41
2025-03-27 09:01:16,XYZ,165.49,7698,164.81,165.99,1.18
2025-03-27 09:01:16,XYZ,131.85,5632,131.01,132.59,1.58
2025-03-27 09:01:16,XYZ,166.0,7486,165.01,166.38,1.37
2025-03-27 09:01:16,XYZ,160.33,1756,159.8,160.67,0.87
2025-03-27 09:01:16,XYZ,169.81,127,169.63,170.0,0.37
2025-03-27 09:01:16,XYZ,175.1,5076,174.47,175.85,1.38
2025-03-27 09:01:16,XYZ,183.19,7282,182.21,183.62,1.41
2025-03-27 09:01:16,XYZ,121.02,2964,120.09,121.64,1.55
2025-03-27 09:01:16,XYZ,191.51,5221,190.85,192.29,1.44
2025-03-27 09:01:16,XYZ,163.63,4156,163.44,163.97,0.53
2025-03-27 09:01:16,XYZ,157.86,761,157.59,158.55,0.96
2025-03-27 09:01:16,XYZ,108.11,1906,107.91,108.39,0.48
2025-03-27 09:01:16,XYZ,189.9,5388,189.36,190.14,0.78
2025-03-27 09:01:16,XYZ,148.3,6113,148.18,148.48,0.3
2025-03-27 09:01:16,XYZ,136.03,8644,135.1,136.76,1.66
2025-03-27 09:01:16,XYZ,168.57,2632,168.04,169.32,1.28
2025-03-27 09:01:16,XYZ,194.63,8124,193.84,195.11,1.27
2025-03-27 09:01:16,XYZ,145.34,9005,145.24,146.08,0.84
2025-03-27 09:01:16,XYZ,158.15,5440,157.94,158.33,0.39
2025-03-27 09:01:16,XYZ,109.61,3815,109.46,109.9,0.44
2025-03-27 09:01:16,XYZ,149.71,4876,149.25,150.65,1.4
2025-03-27 09:01:16,XYZ,168.08,4475,167.76,169.02,1.26
2025-03-27 09:01:16,XYZ,184.46,2781,184.25,184.9,0.65
2025-03-27 09:01:16,XYZ,166.26,6338,165.95,166.47,0.52
2025-03-27 09:01:16,XYZ,118.4,8091,118.1,118.69,0.59
2025-03-27 09:01:17,XYZ,172.55,3257,171.6,173.49,1.89
2025-03-27 09:01:17,XYZ,141.61,2812,141.44,142.25,0.81
2025-03-27 09:01:17,XYZ,172.48,4699,172.09,173.44,1.35
2025-03-27 09:01:17,XYZ,165.47,798,164.51,166.16,1.65
2025-03-27 09:01:17,XYZ,159.58,6845,158.94,159.82,0.88
2025-03-27 09:01:17,XYZ,119.11,2173,118.55,120.02,1.47
2025-03-27 09:01:17,XYZ,137.94,8464,137.27,138.49,1.22
2025-03-27 09:01:17,XYZ,190.54,9871,189.63,191.5,1.87
2025-03-27 09:01:17,XYZ,122.86,8461,122.49,123.22,0.73
2025-03-27 09:01:17,XYZ,188.43,1209,187.54,189.26,1.72
2025-03-27 09:01:17,XYZ,181.72,9980,181.53,182.27,0.74
2025-03-27 09:01:17,XYZ,103.57,5559,102.77,103.76,0.99
2025-03-27 09:01:17,XYZ,117.47,9569,116.99,117.86,0.87
2025-03-27 09:01:18,XYZ,152.7,1992,152.45,153.02,0.57
2025-03-27 09:01:18,XYZ,101.63,7850,100.69,102.19,1.5
2025-03-27 09:01:18,XYZ,129.44,3707,129.2,129.85,0.65
2025-03-27 09:01:18,XYZ,140.2,6255,140.06,140.97,0.91
2025-03-27 09:01:19,XYZ,136.56,2383,135.73,136.99,1.26
2025-03-27 09:01:19,XYZ,146.25,4641,145.87,147.18,1.31
2025-03-27 09:01:19,XYZ,185.6,8012,184.73,186.57,1.84
2025-03-27 09:01:19,XYZ,153.65,5672,152.85,154.02,1.17
2025-03-27 09:01:19,XYZ,106.13,4624,105.65,106.29,0.64
2025-03-27 09:01:19,XYZ,122.19,6444,121.38,122.97,1.59
2025-03-27 09:01:19,XYZ,175.68,9508,175.24,176.17,0.93
2025-03-27 09:01:19,XYZ,190.32,2489,189.98,190.9,0.92
2025-03-27 09:01:19,XYZ,100.0,1611,99.19,100.66,1.47
2025-03-27 09:01:20,XYZ,119.84,2736,119.67,120.46,0.79
2025-03-27 09:01:20,XYZ,173.74,1596,173.53,174.2,0.67
2025-03-27 09:01:20,XYZ,127.05,8308,126.55,127.5,0.95
2025-03-27 09:01:20,XYZ,133.67,6959,133.0,134.63,1.63
2025-03-27 09:01:20,XYZ,150.42,2520,149.91,151.03,1.12
2025-03-27 09:01:20,XYZ,170.97,1261,170.78,171.71,0.93
2025-03-27 09:01:20,XYZ,173.0,8795,172.5,173.57,1.07
2025-03-27 09:01:20,XYZ,198.27,2408,198.0,198.48,0.48
2025-03-27 09:01:20,XYZ,130.22,6648,129.63,131.06,1.43
2025-03-27 09:01:20,XYZ,143.82,4491,143.09,143.97,0.88
2025-03-27 09:01:20,XYZ,154.62,8841,153.78,155.47,1.69
2025-03-27 09:01:20,XYZ,172.42,7952,171.88,172.99,1.11
2025-03-27 09:01:20,XYZ,142.35,9302,141.58,142.88,1.3
2025-03-27 09:01:20,XYZ,152.7,8310,151.87,152.86,0.99
2025-03-27 09:01:20,XYZ,157.79,4903,156.83,158.67,1.84
2025-03-27 09:01:20,XYZ,104.18,2860,103.9,104.39,0.49
2025-03-27 09:01:20,XYZ,187.82,7049,187.09,188.42,1.33
2025-03-27 09:01:20,XYZ,100.08,1811,99.12,100.99,1.87
2025-03-27 09:01:20,XYZ,134.63,1833,134.38,134.8,0.42
2025-03-27 09:01:20,XYZ,152.16,3628,151.34,152.29,0.95
2025-03-27 09:01:21,XYZ,108.26,5561,107.44,109.1,1.66
2025-03-27 09:01:21,XYZ,154.22,5018,153.44,155.09,1.65
2025-03-27 09:01:21,XYZ,166.44,995,165.59,167.03,1.44
2025-03-27 09:01:21,XYZ,178.73,9074,178.11,179.33,1.22
2025-03-27 09:01:21,XYZ,170.23,9259,169.96,171.17,1.21
2025-03-27 09:01:21,XYZ,104.88,4290,104.75,105.28,0.53
2025-03-27 09:01:21,XYZ,159.09,9593,158.77,159.81,1.04
2025-03-27 09:01:21,XYZ,171.01,355,170.45,171.28,0.83
2025-03-27 09:01:21,XYZ,119.8,5361,119.36,120.78,1.42
2025-03-27 09:01:21,XYZ,120.58,3453,120.37,121.41,1.04
2025-03-27 09:01:21,XYZ,196.59,8943,196.07,197.34,1.27
2025-03-27 09:01:22,XYZ,171.35,2291,170.88,171.65,0.77
2025-03-27 09:01:22,XYZ,197.36,1369,197.19,197.7,0.51
2025-03-27 09:01:22,XYZ,160.98,7584,160.74,161.62,0.88
2025-03-27 09:01:23,XYZ,138.25,3035,137.79,138.85,1.06
2025-03-27 09:01:23,XYZ,148.44,1755,148.08,148.69,0.61
2025-03-27 09:01:23,XYZ,177.6,2587,176.65,177.99,1.34
2025-03-27 09:01:23,XYZ,115.96,8899,115.36,116.25,0.89
2025-03-27 09:01:23,XYZ,138.76,8260,138.39,139.3,0.91
2025-03-27 09:01:23,XYZ,130.82,8485,130.15,131.36,1.21
2025-03-27 09:01:23,XYZ,147.21,7814,146.56,147.48,0.92
2025-03-27 09:01:23,XYZ,188.5,4968,188.3,189.24,0.94
2025-03-27 09:01:23,XYZ,146.13,9289,145.91,146.59,0.68
2025-03-27 09:01:23,XYZ,153.43,357,152.45,153.6,1.15
2025-03-27 09:01:23,XYZ,130.83,9344,130.13,131.71,1.58
2025-03-27 09:01:23,XYZ,103.46,5850,102.9,104.23,1.33
2025-03-27 09:01:24,XYZ,193.19,6879,192.81,194.17,1.36
2025-03-27 09:01:24,XYZ,157.06,7772,156.33,157.22,0.89
2025-03-27 09:01:24,XYZ,168.34,5950,167.65,169.08,1.43
2025-03-27 09:01:24,XYZ,151.56,8885,150.68,151.73,1.05
2025-03-27 09:01:24,XYZ,127.37,7805,127.1,128.15,1.05
2025-03-27 09:01:24,XYZ,108.36,8242,107.63,108.79,1.16
2025-03-27 09:01:24,XYZ,194.95,6166,194.5,195.89,1.39
2025-03-27 09:01:24,XYZ,149.98,7546,149.55,150.86,1.31
2025-03-27 09:01:25,XYZ,123.51,9048,123.35,124.22,0.87
2025-03-27 09:01:25,XYZ,160.33,3558,159.88,161.29,1.41
2025-03-27 09:01:25,XYZ,105.37,4118,104.82,105.71,0.89
2025-03-27 09:01:25,XYZ,108.55,3921,107.94,109.32,1.38
2025-03-27 09:01:25,XYZ,176.29,8498,176.05,176.68,0.63
2025-03-27 09:01:25,XYZ,131.23,2042,130.44,131.82,1.38
2025-03-27 09:01:25,XYZ,179.87,2163,179.77,180.52,0.75
2025-03-27 09:01:25,XYZ,155.23,4150,154.81,155.34,0.53
2025-03-27 09:01:25,XYZ,188.12,8435,187.94,188.26,0.32
2025-03-27 09:01:25,XYZ,112.33,1026,112.08,112.87,0.79
2025-03-27 09:01:26,XYZ,138.38,3334,137.43,138.65,1.22
2025-03-27 09:01:26,XYZ,172.01,7805,171.03,172.79,1.76
2025-03-27 09:01:26,XYZ,184.2,178,183.51,184.74,1.23
2025-03-27 09:01:26,XYZ,113.69,8818,112.89,113.85,0.96
2025-03-27 09:01:26,XYZ,178.37,6893,177.71,179.09,1.38
2025-03-27 09:01:26,XYZ,117.41,927,116.63,117.63,1.0
2025-03-27 09:01:26,XYZ,152.72,9043,152.22,153.18,0.96
2025-03-27 09:01:26,XYZ,103.01,2511,102.7,103.43,0.73
2025-03-27 09:01:26,XYZ,112.63,8151,112.47,112.8,0.33
2025-03-27 09:01:26,XYZ,132.94,1579,132.4,133.59,1.19
2025-03-27 09:01:26,XYZ,107.11,6558,106.69,108.04,1.35
2025-03-27 09:01:26,XYZ,174.96,2734,174.44,175.11,0.67
2025-03-27 09:01:26,XYZ,174.57,4799,174.21,175.08,0.87
2025-03-27 09:01:26,XYZ,133.46,8878,132.97,134.23,1.26
2025-03-27 09:01:26,XYZ,188.53,1986,187.72,189.47,1.75
2025-03-27 09:01:26,XYZ,103.23,2582,102.38,103.44,1.06
2025-03-27 09:01:26,XYZ,173.55,9300,172.69,173.76,1.07
2025-03-27 09:01:26,XYZ,123.22,488,123.05,124.1,1.05
2025-03-27 09:01:26,XYZ,168.49,5548,168.24,168.96,0.72
2025-03-27 09:01:26,XYZ,104.76,2950,104.56,105.66,1.1
2025-03-27 09:01:26,XYZ,133.92,397,133.22,134.26,1.04
2025-03-27 09:01:26,XYZ,173.63,6612,173.45,173.93,0.48
2025-03-27 09:01:26,XYZ,120.71,8289,119.8,121.04,1.24
2025-03-27 09:01:26,XYZ,151.74,3109,151.44,152.46,1.02
2025-03-27 09:01:26,XYZ,128.91,3685,128.79,129.61,0.82
2025-03-27 09:01:26,XYZ,119.48,6924,118.88,119.9,1.02
2025-03-27 09:01:26,XYZ,116.3,1160,115.97,116.77,0.8
2025-03-27 09:01:26,XYZ,131.84,8509,131.47,132.75,1.28
2025-03-27 09:01:26,XYZ,180.21,6888,179.36,180.41,1.05
2025-03-27 09:01:27,XYZ,197.34,3291,196.89,197.84,0.95
2025-03-27 09:01:27,XYZ,144.86,6450,144.03,145.33,1.3
2025-03-27 09:01:27,XYZ,191.25,4597,190.55,191.52,0.97
2025-03-27 09:01:27,XYZ,188.01,7482,187.32,188.74,1.42
2025-03-27 09:01:27,XYZ,163.52,5897,163.01,164.11,1.1
2025-03-27 09:01:27,XYZ,173.16,425,173.03,173.63,0.6
2025-03-27 09:01:27,XYZ,120.75,6700,120.35,121.44,1.09
2025-03-27 09:01:27,XYZ,184.86,3513,183.99,185.81,1.82
2025-03-27 09:01:27,XYZ,179.06,4501,178.16,179.77,1.61
2025-03-27 09:01:27,XYZ,118.53,7788,117.85,119.45,1.6
2025-03-27 09:01:27,XYZ,105.03,5801,104.72,105.93,1.21
2025-03-27 09:01:27,XYZ,124.01,6803,123.34,124.7,1.36
2025-03-27 09:01:27,XYZ,102.21,8328,101.62,103.01,1.39
2025-03-27 09:01:27,XYZ,121.51,7292,121.03,122.28,1.25
2025-03-27 09:01:27,XYZ,157.23,3936,157.09,157.47,0.38
2025-03-27 09:01:27,XYZ,189.56,6137,189.31,190.49,1.18
2025-03-27 09:01:27,XYZ,143.43,4867,143.31,143.62,0.31
2025-03-27 09:01:27,XYZ,101.98,3873,101.28,102.08,0.8
2025-03-27 09:01:27,XYZ,138.51,2549,138.26,138.85,0.59
2025-03-27 09:01:27,XYZ,172.48,645,171.89,172.78,0.89
2025-03-27 09:01:27,XYZ,169.36,7392,168.96,169.59,0.63
2025-03-27 09:01:27,XYZ,172.11,4073,172.0,172.86,0.86
2025-03-27 09:01:27,XYZ,139.92,3223,139.09,140.86,1.77
2025-03-27 09:01:27,XYZ,145.25,5525,144.75,145.62,0.87
2025-03-27 09:01:28,XYZ,110.61,7895,110.38,111.25,0.87
2025-03-27 09:01:28,XYZ,178.55,2966,177.83,178.76,0.93
2025-03-27 09:01:28,XYZ,138.91,3030,138.03,139.85,1.82
2025-03-27 09:01:28,XYZ,127.81,9820,126.9,128.15,1.25
2025-03-27 09:01:28,XYZ,127.03,4601,126.31,127.54,1.23
2025-03-27 09:01:29,XYZ,130.31,5888,129.89,130.78,0.89
2025-03-27 09:01:29,XYZ,108.04,8331,107.26,108.31,1.05
2025-03-27 09:01:29,XYZ,134.08,569,133.17,134.61,1.44
2025-03-27 09:01:29,XYZ,189.82,5670,189.69,190.44,0.75
2025-03-27 09:01:29,XYZ,109.25,3131,108.34,109.76,1.42
2025-03-27 09:01:29,XYZ,160.85,4288,159.87,160.95,1.08
2025-03-27 09:01:29,XYZ,140.66,8787,140.19,141.2,1.01
2025-03-27 09:01:29,XYZ,135.11,3524,134.85,135.62,0.77
2025-03-27 09:01:29,XYZ,151.03,5792,150.89,151.33,0.44
2025-03-27 09:01:29,XYZ,115.68,4349,115.44,116.49,1.05
2025-03-27 09:01:30,XYZ,101.72,7297,101.5,102.48,0.98
2025-03-27 09:01:30,XYZ,135.85,2827,135.5,136.03,0.53
2025-03-27 09:01:30,XYZ,100.47,195,99.53,101.35,1.82
2025-03-27 09:01:30,XYZ,175.06,2694,174.92,175.17,0.25
2025-03-27 09:01:30,XYZ,113.74,9190,113.49,114.18,0.69
2025-03-27 09:01:30,XYZ,184.77,938,184.03,184.99,0.96
2025-03-27 09:01:30,XYZ,136.97,7587,136.73,137.54,0.81
2025-03-27 09:01:30,XYZ,172.73,3816,172.31,172.98,0.67
2025-03-27 09:01:30,XYZ,100.94,4527,100.18,101.08,0.9
2025-03-27 09:01:30,XYZ,125.2,7872,124.64,126.06,1.42
2025-03-27 09:01:30,XYZ,174.43,2680,173.71,175.1,1.39
2025-03-27 09:01:30,XYZ,192.22,4304,191.94,192.92,0.98
2025-03-27 09:01:30,XYZ,183.94,8271,183.35,184.26,0.91
2025-03-27 09:01:30,XYZ,154.17,1952,153.93,154.37,0.44
2025-03-27 09:01:30,XYZ,171.93,717,171.16,172.7,1.54
2025-03-27 09:01:30,XYZ,176.56,9811,176.26,176.91,0.65
2025-03-27 09:01:30,XYZ,190.27,2735,189.28,190.82,1.54
2025-03-27 09:01:30,XYZ,177.06,2621,176.47,177.18,0.71
2025-03-27 09:01:30,XYZ,131.52,7319,131.15,131.83,0.68
2025-03-27 09:01:30,XYZ,134.22,7814,133.94,134.95,1.01
2025-03-27 09:01:30,XYZ,151.46,4674,151.26,152.39,1.13
2025-03-27 09:01:30,XYZ,136.14,2119,135.72,136.81,1.09
2025-03-27 09:01:30,XYZ,101.58,8126,100.66,101.87,1.21
2025-03-27 09:01:30,XYZ,122.64,4179,121.92,123.0,1.08
2025-03-27 09:01:30,XYZ,130.52,5060,129.94,131.07,1.13
2025-03-27 09:01:30,XYZ,157.06,9567,156.91,157.65,0.74
2025-03-27 09:01:31,XYZ,150.26,5015,149.94,150.78,0.84
2025-03-27 09:01:31,XYZ,101.23,2855,101.12,101.44,0.32
2025-03-27 09:01:31,XYZ,102.56,9514,101.84,103.53,1.69
2025-03-27 09:01:31,XYZ,108.59,1440,108.37,108.71,0.34
2025-03-27 09:01:31,XYZ,196.8,8686,196.54,197.03,0.49
2025-03-27 09:01:31,XYZ,166.07,9409,165.24,166.61,1.37
2025-03-27 09:01:31,XYZ,102.63,5235,102.04,103.48,1.44
2025-03-27 09:01:31,XYZ,143.27,6363,143.04,143.98,0.94
2025-03-27 09:01:31,XYZ,109.0,2112,108.86,109.65,0.79
2025-03-27 09:01:31,XYZ,189.29,7987,188.61,190.2,1.59
2025-03-27 09:01:31,XYZ,155.88,2205,155.27,156.85,1.58
2025-03-27 09:01:31,XYZ,112.29,5401,111.62,112.56,0.94
2025-03-27 09:01:31,XYZ,181.42,3079,180.59,182.31,1.72
2025-03-27 09:01:31,XYZ,138.46,541,137.97,138.98,1.01
2025-03-27 09:01:31,XYZ,169.46,2720,169.07,169.71,0.64
2025-03-27 09:01:31,XYZ,126.46,8900,125.67,127.11,1.44
2025-03-27 09:01:31,XYZ,164.06,3709,163.67,164.26,0.59
2025-03-27 09:01:31,XYZ,160.92,5064,160.51,161.45,0.94
2025-03-27 09:01:31,XYZ,122.82,8992,121.98,123.26,1.28
2025-03-27 09:01:31,XYZ,194.55,4504,194.34,194.79,0.45
2025-03-27 09:01:31,XYZ,179.73,9672,179.58,180.48,0.9
2025-03-27 09:01:32,XYZ,156.52,7568,156.15,156.97,0.82
2025-03-27 09:01:32,XYZ,128.42,6831,128.17,128.86,0.69
2025-03-27 09:01:32,XYZ,179.3,8978,178.75,179.6,0.85
2025-03-27 09:01:32,XYZ,134.43,1079,133.51,135.03,1.52
2025-03-27 09:01:32,XYZ,139.98,4547,139.32,140.8,1.48
2025-03-27 09:01:32,XYZ,121.22,3669,120.45,121.59,1.14
2025-03-27 09:01:32,XYZ,147.86,6839,147.16,148.47,1.31
2025-03-27 09:01:32,XYZ,117.87,2947,117.03,118.62,1.59
2025-03-27 09:01:32,XYZ,174.99,2118,174.01,175.21,1.2
2025-03-27 09:01:32,XYZ,114.21,3069,113.87,114.65,0.78
2025-03-27 09:01:33,XYZ,143.76,3893,143.2,144.01,0.81
2025-03-27 09:01:33,XYZ,174.46,1617,173.69,175.14,1.45
2025-03-27 09:01:33,XYZ,181.76,9165,181.33,182.21,0.88
2025-03-27 09:01:33,XYZ,142.68,1702,142.45,143.31,0.86
2025-03-27 09:01:33,XYZ,116.51,473,116.3,117.2,0.9
2025-03-27 09:01:33,XYZ,171.48,575,170.49,172.44,1.95
2025-03-27 09:01:33,XYZ,163.32,1105,162.76,163.81,1.05
2025-03-27 09:01:33,XYZ,151.66,4394,150.88,152.6,1.72
2025-03-27 09:01:33,XYZ,160.39,8533,159.7,161.12,1.42
2025-03-27 09:01:33,XYZ,125.07,6422,124.43,125.74,1.31
2025-03-27 09:01:33,XYZ,196.44,5481,196.0,196.86,0.86
2025-03-27 09:01:33,XYZ,140.01,7363,139.63,140.68,1.05
2025-03-27 09:01:33,XYZ,173.71,8981,172.9,173.96,1.06
2025-03-27 09:01:33,XYZ,100.47,1102,99.55,100.58,1.03
2025-03-27 09:01:33,XYZ,113.71,4971,113.04,114.7,1.66
2025-03-27 09:01:33,XYZ,186.41,1241,186.2,186.59,0.39
2025-03-27 09:01:33,XYZ,113.24,2367,112.51,114.0,1.49
2025-03-27 09:01:33,XYZ,132.01,3511,131.68,132.94,1.26
2025-03-27 09:01:34,XYZ,115.68,1790,115.33,115.78,0.45
2025-03-27 09:01:34,XYZ,120.76,7054,119.77,121.06,1.29
2025-03-27 09:01:34,XYZ,182.98,5364,182.61,183.18,0.57
2025-03-27 09:01:34,XYZ,131.22,293,131.1,131.71,0.61
2025-03-27 09:01:34,XYZ,166.3,2511,165.76,166.45,0.69
2025-03-27 09:01:34,XYZ,178.33,1499,177.54,179.23,1.69
2025-03-27 09:01:34,XYZ,165.74,7567,165.55,166.28,0.73
2025-03-27 09:01:35,XYZ,132.12,3278,131.91,132.36,0.45
2025-03-27 09:01:35,XYZ,145.55,2348,145.31,145.94,0.63
2025-03-27 09:01:35,XYZ,157.81,3351,157.4,158.74,1.34
2025-03-27 09:01:35,XYZ,179.14,7446,178.54,179.47,0.93
2025-03-27 09:01:35,XYZ,132.64,3954,132.28,133.59,1.31
2025-03-27 09:01:35,XYZ,163.1,5271,162.37,163.52,1.15
2025-03-27 09:01:35,XYZ,117.0,713,116.65,117.97,1.32
2025-03-27 09:01:35,XYZ,190.5,3802,190.09,190.71,0.62
2025-03-27 09:01:35,XYZ,194.24,3297,193.26,194.46,1.2
2025-03-27 09:01:35,XYZ,180.31,1977,179.93,181.06,1.13
2025-03-27 09:01:35,XYZ,149.32,184,149.21,149.51,0.3
2025-03-27 09:01:35,XYZ,183.76,108,183.11,184.25,1.14
2025-03-27 09:01:35,XYZ,148.23,1814,147.23,148.9,1.67
2025-03-27 09:01:35,XYZ,172.71,3241,171.8,173.62,1.82
2025-03-27 09:01:35,XYZ,160.61,9164,159.77,160.96,1.19
2025-03-27 09:01:35,XYZ,143.55,4792,142.63,144.2,1.57
2025-03-27 09:01:35,XYZ,194.36,8309,193.78,194.88,1.1
2025-03-27 09:01:35,XYZ,109.2,1347,109.02,109.58,0.56
2025-03-27 09:01:35,XYZ,137.07,9833,136.11,137.54,1.43
2025-03-27 09:01:35,XYZ,134.0,7008,133.64,134.14,0.5
2025-03-27 09:01:36,XYZ,199.53,993,199.09,199.88,0.79
2025-03-27 09:01:36,XYZ,184.46,9655,184.13,184.68,0.55
2025-03-27 09:01:36,XYZ,172.14,7507,171.29,173.13,1.84
2025-03-27 09:01:36,XYZ,107.05,3736,106.52,107.18,0.66
2025-03-27 09:01:36,XYZ,112.36,7419,111.84,113.05,1.21
2025-03-27 09:01:36,XYZ,164.64,377,163.73,165.46,1.73
2025-03-27 09:01:36,XYZ,154.16,4915,153.51,154.87,1.36
2025-03-27 09:01:36,XYZ,184.93,997,184.44,185.18,0.74
2025-03-27 09:01:36,XYZ,114.76,5406,114.16,115.39,1.23
2025-03-27 09:01:36,XYZ,163.12,8081,162.2,164.07,1.87
2025-03-27 09:01:36,XYZ,141.65,3861,141.44,142.53,1.09
2025-03-27 09:01:36,XYZ,141.06,1493,140.09,141.7,1.61
2025-03-27 09:01:36,XYZ,174.03,3360,173.21,174.84,1.63
2025-03-27 09:01:36,XYZ,196.77,3583,196.22,197.54,1.32
2025-03-27 09:01:36,XYZ,131.2,574,130.39,132.0,1.61
2025-03-27 09:01:37,XYZ,131.13,349,130.8,131.4,0.6
2025-03-27 09:01:37,XYZ,149.69,9282,148.77,149.8,1.03
2025-03-27 09:01:37,XYZ,177.06,3370,176.62,177.51,0.89
2025-03-27 09:01:37,XYZ,173.89,5743,173.53,174.51,0.98
2025-03-27 09:01:37,XYZ,183.83,8735,183.14,184.75,1.61
2025-03-27 09:01:37,XYZ,190.71,3356,190.6,191.16,0.56
2025-03-27 09:01:37,XYZ,136.16,1684,135.16,136.62,1.46
2025-03-27 09:01:37,XYZ,153.43,501,152.69,153.78,1.09
2025-03-27 09:01:37,XYZ,157.4,7898,156.61,158.1,1.49
2025-03-27 09:01:37,XYZ,198.83,9474,198.5,199.8,1.3
2025-03-27 09:01:37,XYZ,151.5,8420,151.39,151.74,0.35
2025-03-27 09:01:37,XYZ,126.75,863,126.47,127.24,0.77
2025-03-27 09:01:37,XYZ,115.73,9173,115.51,116.01,0.5
2025-03-27 09:01:37,XYZ,114.76,7695,114.35,115.35,1.0
2025-03-27 09:01:37,XYZ,155.53,5157,154.77,155.99,1.22
2025-03-27 09:01:37,XYZ,110.2,1160,110.01,111.14,1.13
2025-03-27 09:01:37,XYZ,131.11,6297,130.87,131.72,0.85
2025-03-27 09:01:37,XYZ,105.69,6744,104.8,106.29,1.49
2025-03-27 09:01:37,XYZ,153.36,7402,152.91,153.75,0.84
2025-03-27 09:01:38,XYZ,179.44,3144,178.59,180.14,1.55
2025-03-27 09:01:38,XYZ,107.96,3477,107.39,108.39,1.0
2025-03-27 09:01:38,XYZ,107.97,7821,107.28,108.6,1.32
2025-03-27 09:01:38,XYZ,176.29,2529,175.6,176.57,0.97
2025-03-27 09:01:38,XYZ,159.56,5927,158.72,160.03,1.31
2025-03-27 09:01:38,XYZ,107.78,7757,106.86,108.14,1.28
2025-03-27 09:01:38,XYZ,145.05,4039,144.6,145.81,1.21
2025-03-27 09:01:38,XYZ,187.4,7894,186.54,187.51,0.97
2025-03-27 09:01:38,XYZ,196.75,3790,196.37,197.61,1.24
2025-03-27 09:01:38,XYZ,102.66,8889,102.0,103.44,1.44
2025-03-27 09:01:38,XYZ,153.35,5631,153.25,153.8,0.55
2025-03-27 09:01:38,XYZ,174.87,3829,174.05,175.28,1.23
2025-03-27 09:01:38,XYZ,159.5,4485,158.76,159.65,0.89
2025-03-27 09:01:39,XYZ,141.88,4948,141.2,142.69,1.49
2025-03-27 09:01:39,XYZ,155.33,4147,154.4,155.48,1.08
2025-03-27 09:01:39,XYZ,148.65,325,147.99,148.83,0.84
2025-03-27 09:01:39,XYZ,125.49,3163,124.65,126.36,1.71
2025-03-27 09:01:39,XYZ,156.05,685,155.13,156.88,1.75
2025-03-27 09:01:39,XYZ,165.09,5776,164.5,165.93,1.43
2025-03-27 09:01:39,XYZ,105.29,3807,104.33,105.55,1.22
2025-03-27 09:01:39,XYZ,122.39,9686,121.79,122.77,0.98
2025-03-27 09:01:39,XYZ,182.44,7225,182.04,182.64,0.6
2025-03-27 09:01:39,XYZ,163.78,4332,163.11,164.41,1.3
2025-03-27 09:01:39,XYZ,196.39,4459,195.69,196.82,1.13
2025-03-27 09:01:39,XYZ,163.38,6372,162.52,164.36,1.84
2025-03-27 09:01:39,XYZ,140.05,2814,139.86,140.5,0.64
2025-03-27 09:01:39,XYZ,122.22,9743,122.03,123.22,1.19
2025-03-27 09:01:39,XYZ,186.94,3446,186.83,187.72,0.89
2025-03-27 09:01:39,XYZ,180.6,841,180.28,180.94,0.66
2025-03-27 09:01:39,XYZ,169.11,245,168.24,169.62,1.38
2025-03-27 09:01:39,XYZ,148.97,4647,148.3,149.58,1.28
2025-03-27 09:01:39,XYZ,135.23,5834,134.49,135.59,1.1
2025-03-27 09:01:39,XYZ,145.5,4945,144.66,146.48,1.82
2025-03-27 09:01:39,XYZ,126.73,8901,125.94,127.38,1.44
2025-03-27 09:01:39,XYZ,137.49,1598,136.78,137.74,0.96
2025-03-27 09:01:39,XYZ,161.85,5359,161.6,162.36,0.76
2025-03-27 09:01:39,XYZ,136.68,6903,136.16,137.24,1.08
2025-03-27 09:01:39,XYZ,121.59,9927,121.24,122.58,1.34
2025-03-27 09:01:39,XYZ,160.93,1032,160.53,161.76,1.23
2025-03-27 09:01:39,XYZ,177.1,6406,176.95,177.27,0.32
2025-03-27 09:01:39,XYZ,142.55,2041,142.02,143.47,1.45
2025-03-27 09:01:39,XYZ,176.39,642,176.06,177.05,0.99
2025-03-27 09:01:39,XYZ,154.08,5373,153.6,154.76,1.16
2025-03-27 09:01:40,XYZ,117.32,1998,116.48,117.77,1.29
2025-03-27 09:01:40,XYZ,152.87,4630,152.48,153.37,0.89
2025-03-27 09:01:40,XYZ,136.95,3452,136.36,137.42,1.06
2025-03-27 09:01:40,XYZ,187.57,4287,187.16,188.34,1.18
2025-03-27 09:01:40,XYZ,121.46,256,120.88,122.19,1.31
2025-03-27 09:01:40,XYZ,102.73,655,101.83,102.92,1.09
2025-03-27 09:01:40,XYZ,119.19,9979,118.32,119.89,1.57
2025-03-27 09:01:40,XYZ,121.2,5963,120.81,122.15,1.34
2025-03-27 09:01:40,XYZ,182.78,2235,182.46,183.55,1.09
2025-03-27 09:01:40,XYZ,110.82,9313,110.18,111.58,1.4
2025-03-27 09:01:40,XYZ,125.71,1623,125.56,126.51,0.95
2025-03-27 09:01:40,XYZ,159.41,2516,158.85,160.19,1.34
2025-03-27 09:01:40,XYZ,114.37,3293,113.37,115.06,1.69
2025-03-27 09:01:40,XYZ,182.96,6436,182.12,183.06,0.94
2025-03-27 09:01:40,XYZ,105.38,6803,104.49,106.08,1.59
2025-03-27 09:01:40,XYZ,161.47,5190,160.98,162.42,1.44
2025-03-27 09:01:40,XYZ,109.26,5399,109.04,109.36,0.32
2025-03-27 09:01:40,XYZ,164.87,1776,164.46,165.01,0.55
2025-03-27 09:01:40,XYZ,115.53,2431,114.66,116.35,1.69
2025-03-27 09:01:40,XYZ,134.36,379,133.67,134.58,0.91
2025-03-27 09:01:40,XYZ,140.41,8249,139.72,140.94,1.22
2025-03-27 09:01:40,XYZ,168.0,7578,167.78,168.76,0.98
2025-03-27 09:01:40,XYZ,122.61,117,122.15,123.41,1.26
2025-03-27 09:01:40,XYZ,199.24,6873,198.34,200.01,1.67
2025-03-27 09:01:40,XYZ,117.24,2658,116.6,117.9,1.3
2025-03-27 09:01:41,XYZ,190.67,6297,189.91,191.62,1.71
2025-03-27 09:01:42,XYZ,152.1,6377,151.61,152.51,0.9
2025-03-27 09:01:43,XYZ,133.69,8249,133.56,134.67,1.11
2025-03-27 09:01:43,XYZ,195.27,2719,194.71,196.16,1.45
2025-03-27 09:01:44,XYZ,130.5,9969,129.67,131.25,1.58
2025-03-27 09:01:44,XYZ,187.18,1225,186.72,187.53,0.81
2025-03-27 09:01:44,XYZ,121.34,804,121.11,122.1,0.99
2025-03-27 09:01:44,XYZ,147.07,6566,146.2,147.48,1.28
2025-03-27 09:01:44,XYZ,106.3,4458,105.6,107.0,1.4
2025-03-27 09:01:44,XYZ,105.02,1167,104.63,105.57,0.94
2025-03-27 09:01:44,XYZ,112.89,7860,112.4,113.5,1.1
2025-03-27 09:01:44,XYZ,179.8,8896,179.49,180.12,0.63
2025-03-27 09:01:44,XYZ,106.05,6240,105.31,106.42,1.11
2025-03-27 09:01:44,XYZ,107.63,1387,107.42,108.01,0.59
2025-03-27 09:01:44,XYZ,142.47,5069,141.91,142.64,0.73
2025-03-27 09:01:44,XYZ,154.27,2086,153.36,154.42,1.06
2025-03-27 09:01:44,XYZ,116.19,7333,115.24,116.85,1.61
2025-03-27 09:01:44,XYZ,109.21,7383,108.61,109.77,1.16
2025-03-27 09:01:44,XYZ,155.16,7260,154.76,155.47,0.71
2025-03-27 09:01:44,XYZ,145.39,4536,145.27,145.83,0.56
2025-03-27 09:01:45,XYZ,155.6,6047,154.88,156.17,1.29
2025-03-27 09:01:45,XYZ,138.27,5761,138.06,139.24,1.18
2025-03-27 09:01:45,XYZ,171.0,549,170.04,171.14,1.1
2025-03-27 09:01:45,XYZ,125.5,8462,124.52,126.33,1.81
2025-03-27 09:01:45,XYZ,129.0,7796,128.01,129.24,1.23
2025-03-27 09:01:45,XYZ,160.74,1408,160.47,161.53,1.06
2025-03-27 09:01:45,XYZ,146.12,9818,145.86,146.55,0.69
2025-03-27 09:01:45,XYZ,169.27,889,168.45,169.38,0.93
2025-03-27 09:01:45,XYZ,155.79,5008,154.99,156.26,1.27
2025-03-27 09:01:45,XYZ,189.87,5244,189.31,190.33,1.02
2025-03-27 09:01:45,XYZ,147.6,6247,147.43,148.28,0.85
2025-03-27 09:01:45,XYZ,153.46,1431,152.77,154.4,1.63
2025-03-27 09:01:45,XYZ,142.71,6788,142.14,143.28,1.14
2025-03-27 09:01:45,XYZ,142.46,1411,141.94,142.77,0.83
2025-03-27 09:01:45,XYZ,123.03,6752,122.2,123.71,1.51
2025-03-27 09:01:45,XYZ,162.77,8859,162.46,163.14,0.68
2025-03-27 09:01:45,XYZ,194.92,649,194.04,195.06,1.02
2025-03-27 09:01:45,XYZ,137.82,8563,137.1,138.27,1.17
2025-03-27 09:01:45,XYZ,123.53,1819,123.21,123.69,0.48
2025-03-27 09:01:45,XYZ,178.94,8216,178.43,179.42,0.99
2025-03-27 09:01:45,XYZ,141.5,4274,141.09,142.17,1.08
2025-03-27 09:01:45,XYZ,161.03,438,160.06,161.92,1.86
2025-03-27 09:01:45,XYZ,111.38,1009,110.47,111.94,1.47
2025-03-27 09:01:45,XYZ,177.75,9727,177.26,178.64,1.38
2025-03-27 09:01:45,XYZ,184.18,3393,183.36,184.43,1.07
2025-03-27 09:01:45,XYZ,153.63,5967,152.7,153.86,1.16
2025-03-27 09:01:46,XYZ,161.0,4976,160.41,161.54,1.13
2025-03-27 09:01:46,XYZ,126.92,7284,126.44,127.48,1.04
2025-03-27 09:01:46,XYZ,178.91,9859,177.97,179.81,1.84
2025-03-27 09:01:46,XYZ,148.65,477,147.7,149.35,1.65
2025-03-27 09:01:46,XYZ,160.13,7986,160.02,160.78,0.76
2025-03-27 09:01:46,XYZ,161.07,8717,160.18,161.76,1.58
2025-03-27 09:01:46,XYZ,107.71,7497,107.36,107.96,0.6
2025-03-27 09:01:47,XYZ,113.43,6801,113.15,113.72,0.57
2025-03-27 09:01:47,XYZ,185.24,5702,185.05,185.84,0.79
2025-03-27 09:01:47,XYZ,165.58,4161,165.05,166.35,1.3
2025-03-27 09:01:47,XYZ,198.57,300,197.64,199.15,1.51
2025-03-27 09:01:47,XYZ,169.11,9631,168.66,170.02,1.36
2025-03-27 09:01:47,XYZ,123.59,7890,123.37,124.04,0.67
2025-03-27 09:01:48,XYZ,141.59,3152,140.68,142.31,1.63
2025-03-27 09:01:48,XYZ,129.83,2238,129.03,130.37,1.34
2025-03-27 09:01:48,XYZ,149.91,2529,149.41,150.72,1.31
2025-03-27 09:01:48,XYZ,195.42,5977,195.15,196.07,0.92
2025-03-27 09:01:48,XYZ,196.89,4845,196.33,197.12,0.79
2025-03-27 09:01:48,XYZ,127.63,2791,127.0,127.92,0.92
2025-03-27 09:01:48,XYZ,158.55,9063,158.23,159.41,1.18
2025-03-27 09:01:48,XYZ,179.64,2610,179.02,180.5,1.48
2025-03-27 09:01:48,XYZ,132.84,3074,132.2,133.74,1.54
2025-03-27 09:01:48,XYZ,170.72,9867,170.36,171.16,0.8
2025-03-27 09:01:48,XYZ,131.76,387,130.91,132.19,1.28
2025-03-27 09:01:48,XYZ,111.36,4207,111.02,111.56,0.54
2025-03-27 09:01:48,XYZ,183.19,2065,182.96,184.02,1.06
2025-03-27 09:01:48,XYZ,157.69,245,157.47,158.67,1.2
2025-03-27 09:01:48,XYZ,167.39,9012,166.9,167.64,0.74
2025-03-27 09:01:48,XYZ,180.89,6113,180.65,181.87,1.22
2025-03-27 09:01:48,XYZ,178.95,8401,178.63,179.06,0.43
2025-03-27 09:01:48,XYZ,190.65,5833,190.2,191.17,0.97
2025-03-27 09:01:48,XYZ,157.92,8249,157.34,158.59,1.25
2025-03-27 09:01:49,XYZ,106.67,1705,106.17,106.84,0.67
2025-03-27 09:01:50,XYZ,177.18,4570,176.8,177.6,0.8
2025-03-27 09:01:50,XYZ,140.71,5168,139.85,141.52,1.67
2025-03-27 09:01:50,XYZ,113.93,7845,113.31,114.9,1.59
2025-03-27 09:01:50,XYZ,178.31,3488,177.83,178.54,0.71
2025-03-27 09:01:50,XYZ,102.99,2552,102.05,103.67,1.62
2025-03-27 09:01:50,XYZ,154.53,9590,154.4,154.94,0.54
2025-03-27 09:01:50,XYZ,168.84,1732,168.23,169.32,1.09
2025-03-27 09:01:50,XYZ,123.86,4946,123.24,124.37,1.13
2025-03-27 09:01:50,XYZ,155.73,8117,154.79,156.46,1.67
2025-03-27 09:01:50,XYZ,199.79,3184,199.43,200.76,1.33
2025-03-27 09:01:51,XYZ,149.22,5192,149.08,149.99,0.91
2025-03-27 09:01:51,XYZ,178.1,367,177.83,178.39,0.56
2025-03-27 09:01:51,XYZ,139.75,9924,139.41,140.33,0.92
2025-03-27 09:01:52,XYZ,173.68,1671,172.96,174.23,1.27
2025-03-27 09:01:52,XYZ,106.23,6387,105.26,106.54,1.28
2025-03-27 09:01:52,XYZ,114.1,6887,113.94,114.36,0.42
2025-03-27 09:01:52,XYZ,138.9,2850,138.34,139.76,1.42
