timestamp,stock,price,volume,bid_price,ask_price,spread
2025-03-26 09:00:00,XYZ,188.1,8071,187.71,188.96,1.25
2025-03-26 09:00:01,XYZ,188.94,1938,188.8,189.73,0.93
2025-03-26 09:00:02,XYZ,104.29,3117,103.33,105.05,1.72
2025-03-26 09:00:03,XYZ,103.67,4572,103.42,103.87,0.45
2025-03-26 09:00:04,XYZ,139.95,7827,139.68,140.79,1.11
2025-03-26 09:00:05,XYZ,174.41,4713,173.52,175.25,1.73
2025-03-26 09:00:06,XYZ,155.64,9235,154.71,156.04,1.33
2025-03-26 09:00:07,XYZ,140.12,1077,139.42,140.46,1.04
2025-03-26 09:00:08,XYZ,117.25,6412,117.08,117.43,0.35
2025-03-26 09:00:09,XYZ,167.29,6030,166.56,167.55,0.99
2025-03-26 09:00:10,XYZ,100.74,2114,100.63,101.18,0.55
2025-03-26 09:00:11,XYZ,114.71,2212,113.87,115.54,1.67
2025-03-26 09:00:12,XYZ,115.04,8291,114.8,115.67,0.87
2025-03-26 09:00:13,XYZ,186.23,700,185.41,187.12,1.71
2025-03-26 09:00:14,XYZ,132.63,5048,132.3,133.59,1.29
2025-03-26 09:00:15,XYZ,169.73,1670,168.86,170.44,1.58
2025-03-26 09:00:16,XYZ,142.71,7683,142.48,143.3,0.82
2025-03-26 09:00:17,XYZ,117.44,5940,117.19,117.88,0.69
2025-03-26 09:00:18,XYZ,163.38,6378,163.25,164.3,1.05
2025-03-26 09:00:19,XYZ,138.37,801,138.08,138.58,0.5
2025-03-26 09:00:20,XYZ,118.31,5120,117.64,119.04,1.4
2025-03-26 09:00:21,XYZ,104.75,6714,104.32,104.98,0.66
2025-03-26 09:00:22,XYZ,185.1,649,184.69,185.92,1.23
2025-03-26 09:00:23,XYZ,116.37,2410,115.5,117.34,1.84
2025-03-26 09:00:24,XYZ,122.12,7720,121.21,122.25,1.04
2025-03-26 09:00:25,XYZ,127.23,2567,126.97,127.43,0.46
2025-03-26 09:00:26,XYZ,116.32,504,115.38,117.3,1.92
2025-03-26 09:00:27,XYZ,103.74,4597,103.35,103.85,0.5
2025-03-26 09:00:28,XYZ,176.26,5470,175.47,176.86,1.39
2025-03-26 09:00:29,XYZ,142.78,4555,142.19,143.57,1.38
2025-03-26 09:00:30,XYZ,149.26,802,149.14,149.88,0.74
2025-03-26 09:00:31,XYZ,131.21,2980,130.43,131.33,0.9
2025-03-26 09:00:32,XYZ,110.93,3400,110.23,111.85,1.62
2025-03-26 09:00:33,XYZ,105.57,9750,104.83,105.87,1.04
2025-03-26 09:00:34,XYZ,152.8,871,152.5,152.99,0.49
2025-03-26 09:00:35,XYZ,179.35,6598,179.19,180.0,0.81
2025-03-26 09:00:36,XYZ,153.39,5881,152.69,154.03,1.34
2025-03-26 09:00:37,XYZ,127.32,8060,126.79,127.48,0.69
2025-03-26 09:00:38,XYZ,161.63,9413,160.74,161.78,1.04
2025-03-26 09:00:39,XYZ,123.25,2028,122.57,124.02,1.45
2025-03-26 09:00:40,XYZ,120.52,3644,119.69,121.3,1.61
2025-03-26 09:00:41,XYZ,107.28,4780,106.37,108.27,1.9
2025-03-26 09:00:42,XYZ,150.88,954,150.11,151.35,1.24
2025-03-26 09:00:43,XYZ,175.15,3982,174.52,175.26,0.74
2025-03-26 09:00:44,XYZ,199.56,1181,199.27,199.78,0.51
2025-03-26 09:00:45,XYZ,138.67,6866,138.1,139.08,0.98
2025-03-26 09:00:46,XYZ,172.27,310,171.74,172.5,0.76
2025-03-26 09:00:47,XYZ,174.65,1664,174.26,175.01,0.75
2025-03-26 09:00:48,XYZ,123.26,5991,122.39,123.81,1.42
2025-03-26 09:00:49,XYZ,140.84,8570,140.51,141.52,1.01
2025-03-26 09:00:50,XYZ,147.31,8438,146.61,148.17,1.56
2025-03-26 09:00:51,XYZ,152.91,8933,151.94,153.11,1.17
2025-03-26 09:00:52,XYZ,159.0,3043,158.42,159.34,0.92
2025-03-26 09:00:53,XYZ,179.54,8266,179.28,180.19,0.91
2025-03-26 09:00:54,XYZ,101.53,8560,100.91,102.0,1.09
2025-03-26 09:00:55,XYZ,143.16,5964,142.77,144.14,1.37
2025-03-26 09:00:56,XYZ,150.0,8822,149.71,150.39,0.68
2025-03-26 09:00:57,XYZ,177.19,7582,176.75,177.94,1.19
2025-03-26 09:00:58,XYZ,161.86,6404,161.52,162.76,1.24
2025-03-26 09:00:59,XYZ,143.52,3599,142.73,144.15,1.42
2025-03-26 09:01:00,XYZ,187.68,5169,187.24,187.97,0.73
2025-03-26 09:01:01,XYZ,149.21,8099,148.26,149.93,1.67
2025-03-26 09:01:02,XYZ,189.04,755,188.88,189.24,0.36
2025-03-26 09:01:03,XYZ,135.77,6222,135.41,136.37,0.96
2025-03-26 09:01:04,XYZ,178.09,7776,177.26,178.22,0.96
2025-03-26 09:01:05,XYZ,162.26,5940,161.34,162.68,1.34
2025-03-26 09:01:06,XYZ,125.47,3671,124.52,126.44,1.92
2025-03-26 09:01:07,XYZ,182.47,1771,181.71,183.07,1.36
2025-03-26 09:01:08,XYZ,117.71,4588,117.02,117.87,0.85
2025-03-26 09:01:09,XYZ,118.59,5772,117.98,119.49,1.51
2025-03-26 09:01:10,XYZ,125.97,6727,125.56,126.26,0.7
2025-03-26 09:01:11,XYZ,197.13,999,196.97,198.11,1.14
2025-03-26 09:01:12,XYZ,161.11,3579,160.29,161.71,1.42
2025-03-26 09:01:13,XYZ,137.55,3544,137.01,138.43,1.42
2025-03-26 09:01:14,XYZ,187.4,3721,186.81,188.12,1.31
2025-03-26 09:01:15,XYZ,148.05,4854,147.78,148.45,0.67
2025-03-26 09:01:16,XYZ,128.76,8863,128.02,128.98,0.96
2025-03-26 09:01:17,XYZ,139.16,7955,138.65,139.65,1.0
2025-03-26 09:01:18,XYZ,169.02,7607,168.69,169.54,0.85
2025-03-26 09:01:19,XYZ,162.67,5247,161.91,163.21,1.3
2025-03-26 09:01:20,XYZ,112.96,7484,112.83,113.71,0.88
2025-03-26 09:01:21,XYZ,193.05,7573,192.31,193.33,1.02
2025-03-26 09:01:22,XYZ,110.74,1412,110.24,110.98,0.74
2025-03-26 09:01:23,XYZ,177.17,1725,176.98,177.66,0.68
2025-03-26 09:01:24,XYZ,122.04,7230,121.36,122.86,1.5
2025-03-26 09:01:25,XYZ,114.32,5523,113.48,115.28,1.8
2025-03-26 09:01:26,XYZ,103.55,2700,103.23,103.66,0.43
2025-03-26 09:01:27,XYZ,132.0,9899,131.68,132.34,0.66
2025-03-26 09:01:28,XYZ,199.79,2290,199.42,200.29,0.87
2025-03-26 09:01:29,XYZ,191.81,5266,190.91,191.95,1.04
2025-03-26 09:01:30,XYZ,157.64,9093,157.19,157.95,0.76
2025-03-26 09:01:31,XYZ,180.5,2393,179.78,181.01,1.23
2025-03-26 09:01:32,XYZ,157.67,9090,156.81,157.89,1.08
2025-03-26 09:01:33,XYZ,193.27,9487,193.03,194.12,1.09
2025-03-26 09:01:34,XYZ,108.47,1609,107.72,108.9,1.18
2025-03-26 09:01:35,XYZ,139.72,6212,138.8,140.11,1.31
2025-03-26 09:01:36,XYZ,158.27,1334,157.7,158.64,0.94
2025-03-26 09:01:37,XYZ,164.49,8399,163.54,165.42,1.88
2025-03-26 09:01:38,XYZ,188.66,5134,188.22,189.18,0.96
2025-03-26 09:01:39,XYZ,185.95,5453,185.71,186.34,0.63
2025-03-26 09:01:40,XYZ,141.6,3958,141.02,141.91,0.89
2025-03-26 09:01:41,XYZ,186.4,2275,185.89,187.15,1.26
2025-03-26 09:01:42,XYZ,192.11,5537,191.3,192.58,1.28
2025-03-26 09:01:43,XYZ,145.93,5645,145.3,146.9,1.6
2025-03-26 09:01:44,XYZ,138.89,2778,138.5,139.29,0.79
2025-03-26 09:01:45,XYZ,106.5,845,106.09,106.84,0.75
2025-03-26 09:01:46,XYZ,116.05,6648,115.3,116.45,1.15
2025-03-26 09:01:47,XYZ,182.81,1309,182.61,183.14,0.53
2025-03-26 09:01:48,XYZ,133.91,5329,133.18,134.63,1.45
2025-03-26 09:01:49,XYZ,146.7,3822,146.37,147.31,0.94
2025-03-26 09:01:50,XYZ,100.37,8596,100.04,100.68,0.64
2025-03-26 09:01:51,XYZ,194.83,2082,194.5,195.29,0.79
2025-03-26 09:01:52,XYZ,137.58,3243,137.38,138.29,0.91
2025-03-26 09:01:53,XYZ,192.3,4772,191.65,192.75,1.1
2025-03-26 09:01:54,XYZ,105.49,7332,104.73,105.61,0.88
2025-03-26 09:01:55,XYZ,105.42,2910,104.82,106.19,1.37
2025-03-26 09:01:56,XYZ,103.21,7835,102.59,103.36,0.77
2025-03-26 09:01:57,XYZ,184.42,9544,183.95,184.92,0.97
2025-03-26 09:01:58,XYZ,149.68,7295,148.72,150.67,1.95
2025-03-26 09:01:59,XYZ,184.46,4146,183.78,185.45,1.67
2025-03-26 09:02:00,XYZ,187.13,1581,186.56,187.61,1.05
2025-03-26 09:02:01,XYZ,114.29,5732,113.92,114.93,1.01
2025-03-26 09:02:02,XYZ,109.58,7508,109.04,110.05,1.01
2025-03-26 09:02:03,XYZ,133.04,5609,132.64,133.46,0.82
2025-03-26 09:02:04,XYZ,182.83,8929,181.95,183.8,1.85
2025-03-26 09:02:05,XYZ,186.61,8274,186.25,187.5,1.25
2025-03-26 09:02:06,XYZ,137.94,5491,137.31,138.29,0.98
2025-03-26 09:02:07,XYZ,140.35,9141,139.44,141.22,1.78
2025-03-26 09:02:08,XYZ,178.06,6443,177.88,178.59,0.71
2025-03-26 09:02:09,XYZ,107.22,5194,107.06,108.12,1.06
2025-03-26 09:02:10,XYZ,158.7,8422,158.26,159.26,1.0
2025-03-26 09:02:11,XYZ,116.12,3766,115.84,116.98,1.14
2025-03-26 09:02:12,XYZ,168.44,8140,167.82,169.34,1.52
2025-03-26 09:02:13,XYZ,175.18,3330,174.19,175.68,1.49
2025-03-26 09:02:14,XYZ,133.4,5319,132.58,134.07,1.49
2025-03-26 09:02:15,XYZ,127.1,6426,126.49,127.76,1.27
2025-03-26 09:02:16,XYZ,122.73,3631,122.44,123.3,0.86
2025-03-26 09:02:17,XYZ,111.93,518,111.8,112.82,1.02
2025-03-26 09:02:18,XYZ,122.5,9475,122.08,123.32,1.24
2025-03-26 09:02:19,XYZ,113.12,7975,112.75,113.88,1.13
2025-03-26 09:02:20,XYZ,112.79,8480,112.25,113.75,1.5
2025-03-26 09:02:21,XYZ,131.47,7799,130.63,132.23,1.6
2025-03-26 09:02:22,XYZ,196.28,4577,195.32,196.55,1.23
2025-03-26 09:02:23,XYZ,125.17,561,125.0,125.33,0.33
2025-03-26 09:02:24,XYZ,104.42,3073,104.06,105.02,0.96
2025-03-26 09:02:25,XYZ,148.09,4597,147.55,148.43,0.88
2025-03-26 09:02:26,XYZ,183.77,5891,183.15,184.39,1.24
2025-03-26 09:02:27,XYZ,119.5,2239,118.67,120.23,1.56
2025-03-26 09:02:28,XYZ,142.69,8224,141.9,142.93,1.03
2025-03-26 09:02:29,XYZ,187.81,6908,187.04,188.78,1.74
2025-03-26 09:02:30,XYZ,133.11,2904,132.9,133.25,0.35
2025-03-26 09:02:31,XYZ,159.53,1749,158.87,160.51,1.64
2025-03-26 09:02:32,XYZ,169.64,9441,169.37,170.51,1.14
2025-03-26 09:02:33,XYZ,138.08,2240,137.95,138.23,0.28
2025-03-26 09:02:34,XYZ,122.98,9744,122.37,123.57,1.2
2025-03-26 09:02:35,XYZ,191.64,4927,190.71,192.08,1.37
2025-03-26 09:02:36,XYZ,160.15,2340,159.62,160.75,1.13
2025-03-26 09:02:37,XYZ,145.28,8445,144.92,145.94,1.02
2025-03-26 09:02:38,XYZ,103.96,2756,103.11,104.58,1.47
2025-03-26 09:02:39,XYZ,174.44,1169,174.33,175.02,0.69
2025-03-26 09:02:40,XYZ,135.02,6481,134.85,135.85,1.0
2025-03-26 09:02:41,XYZ,126.04,9152,125.91,126.92,1.01
2025-03-26 09:02:42,XYZ,161.57,8222,160.97,162.56,1.59
2025-03-26 09:02:43,XYZ,100.39,8323,100.11,100.74,0.63
2025-03-26 09:02:44,XYZ,115.75,5485,115.04,116.03,0.99
2025-03-26 09:02:45,XYZ,130.29,8090,129.49,131.04,1.55
2025-03-26 09:02:46,XYZ,172.14,8149,171.5,172.7,1.2
2025-03-26 09:02:47,XYZ,116.81,9774,116.24,117.39,1.15
2025-03-26 09:02:48,XYZ,124.28,4901,124.15,124.38,0.23
2025-03-26 09:02:49,XYZ,197.88,4078,197.46,198.03,0.57
2025-03-26 09:02:50,XYZ,156.38,3759,156.16,157.23,1.07
2025-03-26 09:02:51,XYZ,122.35,3729,121.83,123.27,1.44
2025-03-26 09:02:52,XYZ,137.37,3390,136.66,137.91,1.25
2025-03-26 09:02:53,XYZ,147.65,5901,147.4,148.01,0.61
2025-03-26 09:02:54,XYZ,188.73,2013,187.77,189.36,1.59
2025-03-26 09:02:55,XYZ,144.94,9842,144.29,145.76,1.47
2025-03-26 09:02:56,XYZ,176.29,9831,175.77,177.02,1.25
2025-03-26 09:02:57,XYZ,179.22,7993,178.42,179.72,1.3
2025-03-26 09:02:58,XYZ,124.22,689,124.09,124.49,0.4
2025-03-26 09:02:59,XYZ,157.17,9760,156.39,157.84,1.45
2025-03-26 09:03:00,XYZ,136.68,975,135.83,137.13,1.3
2025-03-26 09:03:01,XYZ,148.97,5137,148.73,149.44,0.71
2025-03-26 09:03:02,XYZ,116.68,5590,116.57,116.92,0.35
2025-03-26 09:03:03,XYZ,174.53,7809,173.69,175.22,1.53
2025-03-26 09:03:04,XYZ,118.26,959,117.83,118.8,0.97
2025-03-26 09:03:05,XYZ,100.73,6347,100.19,100.98,0.79
2025-03-26 09:03:06,XYZ,176.97,4442,176.66,177.42,0.76
2025-03-26 09:03:07,XYZ,153.86,6118,153.21,154.41,1.2
2025-03-26 09:03:08,XYZ,199.04,6879,198.4,199.29,0.89
2025-03-26 09:03:09,XYZ,176.79,2476,176.68,177.48,0.8
2025-03-26 09:03:10,XYZ,149.93,2058,149.18,150.64,1.46
2025-03-26 09:03:11,XYZ,116.87,8345,116.08,117.72,1.64
2025-03-26 09:03:12,XYZ,129.13,1694,128.76,129.9,1.14
2025-03-26 09:03:13,XYZ,198.25,9071,197.31,199.25,1.94
2025-03-26 09:03:14,XYZ,126.47,4050,125.85,126.77,0.92
2025-03-26 09:03:15,XYZ,177.31,6032,176.89,178.13,1.24
2025-03-26 09:03:16,XYZ,194.72,1610,193.98,195.43,1.45
2025-03-26 09:03:17,XYZ,178.15,879,177.53,178.72,1.19
2025-03-26 09:03:18,XYZ,111.75,4189,111.23,112.47,1.24
2025-03-26 09:03:19,XYZ,112.74,9619,112.19,113.11,0.92
2025-03-26 09:03:20,XYZ,138.37,5945,137.9,138.94,1.04
2025-03-26 09:03:21,XYZ,193.22,7971,193.01,193.49,0.48
2025-03-26 09:03:22,XYZ,154.49,1040,153.88,155.22,1.34
2025-03-26 09:03:23,XYZ,133.61,6381,133.33,134.21,0.88
2025-03-26 09:03:24,XYZ,177.51,4503,176.66,177.66,1.0
2025-03-26 09:03:25,XYZ,198.08,1808,197.23,198.22,0.99
2025-03-26 09:03:26,XYZ,175.1,609,174.76,175.72,0.96
2025-03-26 09:03:27,XYZ,102.68,1433,102.33,103.1,0.77
2025-03-26 09:03:28,XYZ,119.44,6416,118.84,119.95,1.11
2025-03-26 09:03:29,XYZ,197.26,1092,196.64,197.84,1.2
2025-03-26 09:03:30,XYZ,113.83,1634,113.72,114.77,1.05
2025-03-26 09:03:31,XYZ,153.59,5406,152.81,153.74,0.93
2025-03-26 09:03:32,XYZ,182.3,7040,182.14,182.73,0.59
2025-03-26 09:03:33,XYZ,147.43,2142,147.08,148.05,0.97
2025-03-26 09:03:34,XYZ,196.54,1267,196.37,197.04,0.67
2025-03-26 09:03:35,XYZ,168.46,7863,167.78,168.95,1.17
2025-03-26 09:03:36,XYZ,130.39,9394,129.47,130.78,1.31
2025-03-26 09:03:37,XYZ,153.14,7843,152.86,153.49,0.63
2025-03-26 09:03:38,XYZ,170.55,4253,170.26,171.38,1.12
2025-03-26 09:03:39,XYZ,128.91,9714,128.81,129.14,0.33
2025-03-26 09:03:40,XYZ,194.75,9548,194.0,195.41,1.41
2025-03-26 09:03:41,XYZ,141.56,947,140.84,141.87,1.03
2025-03-26 09:03:42,XYZ,165.75,9080,165.05,166.71,1.66
2025-03-26 09:03:43,XYZ,135.37,305,134.9,135.86,0.96
2025-03-26 09:03:44,XYZ,140.98,339,140.15,141.21,1.06
2025-03-26 09:03:45,XYZ,122.11,3882,121.81,123.02,1.21
2025-03-26 09:03:46,XYZ,125.03,8708,124.81,125.36,0.55
2025-03-26 09:03:47,XYZ,144.39,8407,143.85,144.98,1.13
2025-03-26 09:03:48,XYZ,160.78,5770,160.45,161.02,0.57
2025-03-26 09:03:49,XYZ,115.43,4372,114.92,115.55,0.63
2025-03-26 09:03:50,XYZ,147.58,5064,147.31,148.14,0.83
2025-03-26 09:03:51,XYZ,114.01,685,113.9,114.88,0.98
2025-03-26 09:03:52,XYZ,171.07,8330,170.93,171.48,0.55
2025-03-26 09:03:53,XYZ,108.53,8391,108.25,109.34,1.09
2025-03-26 09:03:54,XYZ,132.83,7849,132.03,133.76,1.73
2025-03-26 09:03:55,XYZ,137.69,311,137.38,138.14,0.76
2025-03-26 09:03:56,XYZ,123.45,9309,122.97,123.97,1.0
2025-03-26 09:03:57,XYZ,151.35,9998,151.12,151.99,0.87
2025-03-26 09:03:58,XYZ,148.22,1831,147.36,148.42,1.06
2025-03-26 09:03:59,XYZ,125.11,894,124.36,125.73,1.37
2025-03-26 09:04:00,XYZ,175.19,421,174.74,175.61,0.87
2025-03-26 09:04:01,XYZ,172.48,4101,171.56,172.8,1.24
2025-03-26 09:04:02,XYZ,111.35,319,110.81,112.26,1.45
2025-03-26 09:04:03,XYZ,128.03,1943,127.83,128.43,0.6
2025-03-26 09:04:04,XYZ,157.44,6683,156.96,158.33,1.37
2025-03-26 09:04:05,XYZ,137.02,313,136.85,137.43,0.58
2025-03-26 09:04:06,XYZ,127.63,1281,126.86,128.02,1.16
2025-03-26 09:04:07,XYZ,159.97,9465,159.46,160.59,1.13
2025-03-26 09:04:08,XYZ,135.23,4751,134.98,136.04,1.06
2025-03-26 09:04:09,XYZ,146.81,7849,146.02,147.08,1.06
2025-03-26 09:04:10,XYZ,119.19,5918,118.79,119.39,0.6
2025-03-26 09:04:11,XYZ,107.18,8526,106.23,107.39,1.16
2025-03-26 09:04:12,XYZ,149.48,3100,149.33,149.92,0.59
2025-03-26 09:04:13,XYZ,158.82,355,158.26,159.11,0.85
2025-03-26 09:04:14,XYZ,138.81,753,138.37,139.74,1.37
2025-03-26 09:04:15,XYZ,121.81,1577,121.45,122.71,1.26
2025-03-26 09:04:16,XYZ,143.3,5432,143.2,143.58,0.38
2025-03-26 09:04:17,XYZ,143.41,5987,143.15,143.95,0.8
2025-03-26 09:04:18,XYZ,176.38,5039,175.69,176.7,1.01
2025-03-26 09:04:19,XYZ,116.63,8369,115.88,116.93,1.05
2025-03-26 09:04:20,XYZ,122.65,9973,121.79,122.8,1.01
2025-03-26 09:04:21,XYZ,153.96,2540,152.96,154.25,1.29
2025-03-26 09:04:22,XYZ,123.4,658,122.86,123.67,0.81
2025-03-26 09:04:23,XYZ,137.31,7201,137.02,138.15,1.13
2025-03-26 09:04:24,XYZ,117.13,6720,116.21,118.01,1.8
2025-03-26 09:04:25,XYZ,103.33,8628,103.09,103.56,0.47
2025-03-26 09:04:26,XYZ,165.04,3140,164.82,165.55,0.73
2025-03-26 09:04:27,XYZ,196.1,817,195.57,196.62,1.05
2025-03-26 09:04:28,XYZ,129.36,8087,128.86,129.9,1.04
2025-03-26 09:04:29,XYZ,127.51,6855,127.22,128.16,0.94
2025-03-26 09:04:30,XYZ,132.17,4064,131.89,133.17,1.28
2025-03-26 09:04:31,XYZ,102.99,8202,102.23,103.58,1.35
2025-03-26 09:04:32,XYZ,107.08,8027,106.31,107.73,1.42
2025-03-26 09:04:33,XYZ,110.36,3836,110.24,110.91,0.67
2025-03-26 09:04:34,XYZ,135.76,2406,135.14,136.25,1.11
2025-03-26 09:04:35,XYZ,192.61,5513,192.42,193.46,1.04
2025-03-26 09:04:36,XYZ,187.48,5109,186.73,188.06,1.33
2025-03-26 09:04:37,XYZ,120.83,650,119.89,121.8,1.91
2025-03-26 09:04:38,XYZ,183.71,3098,182.79,184.14,1.35
2025-03-26 09:04:39,XYZ,198.09,2933,197.68,198.8,1.12
2025-03-26 09:04:40,XYZ,154.49,4626,154.27,155.4,1.13
2025-03-26 09:04:41,XYZ,186.74,6501,186.33,187.14,0.81
2025-03-26 09:04:42,XYZ,193.83,3836,193.01,194.75,1.74
2025-03-26 09:04:43,XYZ,191.12,2483,190.45,192.02,1.57
2025-03-26 09:04:44,XYZ,119.43,3436,118.91,120.16,1.25
2025-03-26 09:04:45,XYZ,148.91,3630,148.73,149.8,1.07
2025-03-26 09:04:46,XYZ,156.24,286,155.91,156.61,0.7
2025-03-26 09:04:47,XYZ,187.53,3680,186.76,187.86,1.1
2025-03-26 09:04:48,XYZ,195.45,1060,195.29,196.23,0.94
2025-03-26 09:04:49,XYZ,177.16,7299,176.77,177.27,0.5
2025-03-26 09:04:50,XYZ,167.3,6604,166.95,167.82,0.87
2025-03-26 09:04:51,XYZ,167.08,7389,166.09,167.48,1.39
2025-03-26 09:04:52,XYZ,157.67,2727,157.0,157.79,0.79
2025-03-26 09:04:53,XYZ,154.97,4484,154.64,155.89,1.25
2025-03-26 09:04:54,XYZ,175.99,759,175.43,176.31,0.88
2025-03-26 09:04:55,XYZ,197.15,7728,196.93,197.87,0.94
2025-03-26 09:04:56,XYZ,154.14,3737,153.39,154.48,1.09
2025-03-26 09:04:57,XYZ,148.58,8537,147.85,148.87,1.02
2025-03-26 09:04:58,XYZ,143.66,7141,143.16,144.19,1.03
2025-03-26 09:04:59,XYZ,151.48,3503,150.85,151.75,0.9
2025-03-26 09:05:00,XYZ,170.71,6167,170.04,171.65,1.61
2025-03-26 09:05:01,XYZ,103.93,3052,103.23,104.81,1.58
2025-03-26 09:05:02,XYZ,189.12,113,188.42,189.42,1.0
2025-03-26 09:05:03,XYZ,192.48,7683,192.01,193.34,1.33
2025-03-26 09:05:04,XYZ,143.61,8475,143.29,144.05,0.76
2025-03-26 09:05:05,XYZ,180.01,672,179.6,180.32,0.72
2025-03-26 09:05:06,XYZ,166.17,9339,165.34,167.09,1.75
2025-03-26 09:05:07,XYZ,167.96,6859,167.72,168.08,0.36
2025-03-26 09:05:08,XYZ,115.89,1563,115.31,116.29,0.98
2025-03-26 09:05:09,XYZ,157.54,7055,157.43,158.0,0.57
2025-03-26 09:05:10,XYZ,147.47,8912,147.34,147.98,0.64
2025-03-26 09:05:11,XYZ,151.79,5627,151.43,152.05,0.62
2025-03-26 09:05:12,XYZ,189.86,4472,189.2,190.7,1.5
2025-03-26 09:05:13,XYZ,105.47,2326,104.71,105.67,0.96
2025-03-26 09:05:14,XYZ,172.73,5248,172.17,173.66,1.49
2025-03-26 09:05:15,XYZ,148.01,1899,147.6,148.5,0.9
2025-03-26 09:05:16,XYZ,169.22,8752,168.8,169.66,0.86
2025-03-26 09:05:17,XYZ,117.61,2782,117.13,117.96,0.83
2025-03-26 09:05:18,XYZ,155.5,5491,154.78,156.28,1.5
2025-03-26 09:05:19,XYZ,105.97,3926,105.33,106.58,1.25
2025-03-26 09:05:20,XYZ,122.5,4490,122.03,122.71,0.68
2025-03-26 09:05:21,XYZ,156.01,721,155.69,156.39,0.7
2025-03-26 09:05:22,XYZ,173.64,8036,173.15,174.35,1.2
2025-03-26 09:05:23,XYZ,150.68,8023,149.96,151.47,1.51
2025-03-26 09:05:24,XYZ,141.48,8126,140.49,141.68,1.19
2025-03-26 09:05:25,XYZ,121.44,1451,120.45,121.59,1.14
2025-03-26 09:05:26,XYZ,132.17,6659,132.07,132.8,0.73
2025-03-26 09:05:27,XYZ,131.71,6288,131.24,132.22,0.98
2025-03-26 09:05:28,XYZ,145.46,5706,144.82,146.3,1.48
2025-03-26 09:05:29,XYZ,178.94,9067,178.67,179.27,0.6
2025-03-26 09:05:30,XYZ,119.35,1023,118.6,119.47,0.87
2025-03-26 09:05:31,XYZ,161.03,2060,160.65,161.29,0.64
2025-03-26 09:05:32,XYZ,194.13,2944,193.85,194.59,0.74
2025-03-26 09:05:33,XYZ,143.63,789,142.82,144.09,1.27
2025-03-26 09:05:34,XYZ,143.79,4899,143.03,144.03,1.0
2025-03-26 09:05:35,XYZ,154.26,8192,153.8,154.81,1.01
2025-03-26 09:05:36,XYZ,108.33,1166,107.87,108.96,1.09
2025-03-26 09:05:37,XYZ,123.46,8773,123.2,123.66,0.46
2025-03-26 09:05:38,XYZ,123.74,8325,123.52,124.26,0.74
2025-03-26 09:05:39,XYZ,138.77,3074,138.64,139.56,0.92
2025-03-26 09:05:40,XYZ,170.55,2076,169.99,170.86,0.87
2025-03-26 09:05:41,XYZ,199.62,538,198.77,199.93,1.16
2025-03-26 09:05:42,XYZ,127.46,1528,127.31,127.67,0.36
2025-03-26 09:05:43,XYZ,185.52,2084,184.71,185.63,0.92
2025-03-26 09:05:44,XYZ,199.1,2348,198.5,199.22,0.72
2025-03-26 09:05:45,XYZ,177.47,3061,177.18,178.13,0.95
2025-03-26 09:05:46,XYZ,152.18,1579,152.06,153.0,0.94
2025-03-26 09:05:47,XYZ,116.19,4797,115.84,117.16,1.32
2025-03-26 09:05:48,XYZ,124.03,5773,123.2,124.2,1.0
2025-03-26 09:05:49,XYZ,143.84,9135,143.27,144.2,0.93
2025-03-26 09:05:50,XYZ,185.15,7180,185.05,185.84,0.79
2025-03-26 09:05:51,XYZ,184.71,1802,184.25,184.98,0.73
2025-03-26 09:05:52,XYZ,115.52,9352,114.94,116.11,1.17
2025-03-26 09:05:53,XYZ,157.52,3968,157.08,158.02,0.94
2025-03-26 09:05:54,XYZ,100.67,5265,100.47,100.83,0.36
2025-03-26 09:05:55,XYZ,169.11,2543,168.69,169.53,0.84
2025-03-26 09:05:56,XYZ,136.58,5951,136.34,136.91,0.57
2025-03-26 09:05:57,XYZ,108.24,7128,107.87,109.22,1.35
2025-03-26 09:05:58,XYZ,167.06,6420,166.34,167.92,1.58
2025-03-26 09:05:59,XYZ,102.48,7773,101.72,103.37,1.65
2025-03-26 09:06:00,XYZ,150.2,1372,149.65,150.71,1.06
2025-03-26 09:06:01,XYZ,180.29,3668,179.44,180.79,1.35
2025-03-26 09:06:02,XYZ,188.45,4709,187.96,188.93,0.97
2025-03-26 09:06:03,XYZ,154.8,1110,154.62,155.01,0.39
2025-03-26 09:06:04,XYZ,171.31,4234,170.54,172.22,1.68
2025-03-26 09:06:05,XYZ,179.2,8189,178.79,179.94,1.15
2025-03-26 09:06:06,XYZ,115.59,2316,114.99,116.57,1.58
2025-03-26 09:06:07,XYZ,136.82,3629,136.02,136.97,0.95
2025-03-26 09:06:08,XYZ,169.21,9441,168.83,169.79,0.96
2025-03-26 09:06:09,XYZ,184.22,3794,184.08,185.04,0.96
2025-03-26 09:06:10,XYZ,155.68,5449,155.13,156.65,1.52
2025-03-26 09:06:11,XYZ,182.09,5998,181.37,182.22,0.85
2025-03-26 09:06:12,XYZ,116.44,7791,116.27,116.54,0.27
2025-03-26 09:06:13,XYZ,191.33,9661,191.14,191.91,0.77
2025-03-26 09:06:14,XYZ,197.15,1433,196.47,197.32,0.85
2025-03-26 09:06:15,XYZ,183.16,9067,182.19,183.29,1.1
2025-03-26 09:06:16,XYZ,142.22,4484,141.9,142.32,0.42
2025-03-26 09:06:17,XYZ,191.01,8738,190.06,191.35,1.29
2025-03-26 09:06:18,XYZ,101.9,7891,100.94,102.75,1.81
2025-03-26 09:06:19,XYZ,155.74,7624,154.86,156.49,1.63
2025-03-26 09:06:20,XYZ,109.73,2874,109.0,110.21,1.21
2025-03-26 09:06:21,XYZ,150.31,4062,150.0,150.66,0.66
2025-03-26 09:06:22,XYZ,137.62,5154,136.71,138.33,1.62
2025-03-26 09:06:23,XYZ,119.85,7630,119.59,120.26,0.67
2025-03-26 09:06:24,XYZ,169.6,8164,168.85,170.16,1.31
2025-03-26 09:06:25,XYZ,140.24,3567,139.62,140.49,0.87
2025-03-26 09:06:26,XYZ,154.75,4930,154.55,155.11,0.56
2025-03-26 09:06:27,XYZ,107.32,2554,106.45,107.97,1.52
2025-03-26 09:06:28,XYZ,168.18,816,167.52,168.56,1.04
2025-03-26 09:06:29,XYZ,103.15,8828,102.57,103.31,0.74
2025-03-26 09:06:30,XYZ,170.1,9555,169.18,170.65,1.47
2025-03-26 09:06:31,XYZ,101.07,7818,100.43,101.52,1.09
2025-03-26 09:06:32,XYZ,114.8,4795,113.91,115.73,1.82
2025-03-26 09:06:33,XYZ,105.13,1026,104.22,105.43,1.21
2025-03-26 09:06:34,XYZ,149.04,2511,148.22,149.65,1.43
2025-03-26 09:06:35,XYZ,178.79,7439,177.98,179.25,1.27
2025-03-26 09:06:36,XYZ,108.69,4989,108.07,109.1,1.03
2025-03-26 09:06:37,XYZ,150.67,3328,150.02,151.33,1.31
2025-03-26 09:06:38,XYZ,150.55,1579,150.34,150.68,0.34
2025-03-26 09:06:39,XYZ,143.01,1309,142.02,143.54,1.52
2025-03-26 09:06:40,XYZ,163.05,7906,162.52,163.91,1.39
2025-03-26 09:06:41,XYZ,112.34,9982,111.94,113.31,1.37
2025-03-26 09:06:42,XYZ,162.23,7175,161.72,162.38,0.66
2025-03-26 09:06:43,XYZ,190.41,7842,189.93,191.39,1.46
2025-03-26 09:06:44,XYZ,109.63,3045,108.93,110.5,1.57
2025-03-26 09:06:45,XYZ,193.13,5313,192.91,193.66,0.75
2025-03-26 09:06:46,XYZ,111.95,916,111.15,112.22,1.07
2025-03-26 09:06:47,XYZ,180.88,5270,179.98,181.86,1.88
2025-03-26 09:06:48,XYZ,163.36,8012,163.24,164.04,0.8
2025-03-26 09:06:49,XYZ,162.06,1209,161.45,162.68,1.23
2025-03-26 09:06:50,XYZ,131.46,5658,130.65,132.01,1.36
2025-03-26 09:06:51,XYZ,169.96,6141,169.08,170.86,1.78
2025-03-26 09:06:52,XYZ,135.21,7196,134.83,135.65,0.82
2025-03-26 09:06:53,XYZ,190.4,8033,189.42,190.55,1.13
2025-03-26 09:06:54,XYZ,166.16,1524,165.35,166.74,1.39
2025-03-26 09:06:55,XYZ,183.26,520,182.34,183.93,1.59
2025-03-26 09:06:56,XYZ,112.2,5626,111.82,112.5,0.68
2025-03-26 09:06:57,XYZ,139.75,8480,139.01,140.15,1.14
2025-03-26 09:06:58,XYZ,185.13,6200,184.74,185.75,1.01
2025-03-26 09:06:59,XYZ,155.54,5487,155.31,156.12,0.81
2025-03-26 09:07:00,XYZ,177.91,8856,177.11,178.45,1.34
2025-03-26 09:07:01,XYZ,170.28,7719,169.76,170.89,1.13
2025-03-26 09:07:02,XYZ,120.99,6322,120.81,121.5,0.69
2025-03-26 09:07:03,XYZ,181.76,7544,181.62,182.15,0.53
2025-03-26 09:07:04,XYZ,182.41,9115,181.42,182.83,1.41
2025-03-26 09:07:05,XYZ,138.74,728,137.93,138.93,1.0
2025-03-26 09:07:06,XYZ,184.31,8446,183.43,185.16,1.73
2025-03-26 09:07:07,XYZ,111.84,4644,111.61,112.32,0.71
2025-03-26 09:07:08,XYZ,169.14,4447,168.48,169.99,1.51
2025-03-26 09:07:09,XYZ,116.76,2611,116.05,117.51,1.46
2025-03-26 09:07:10,XYZ,132.75,195,132.27,133.2,0.93
2025-03-26 09:07:11,XYZ,120.44,4660,120.06,120.66,0.6
2025-03-26 09:07:12,XYZ,144.3,838,143.43,144.61,1.18
2025-03-26 09:07:13,XYZ,107.13,5528,106.46,107.72,1.26
2025-03-26 09:07:14,XYZ,186.74,812,186.23,187.58,1.35
2025-03-26 09:07:15,XYZ,156.12,1259,155.36,156.65,1.29
2025-03-26 09:07:16,XYZ,138.79,6441,138.55,139.57,1.02
2025-03-26 09:07:17,XYZ,134.71,460,134.04,134.89,0.85
2025-03-26 09:07:18,XYZ,186.73,8884,186.56,187.5,0.94
2025-03-26 09:07:19,XYZ,144.62,6062,144.47,145.42,0.95
2025-03-26 09:07:20,XYZ,159.69,692,159.29,160.56,1.27
2025-03-26 09:07:21,XYZ,162.07,1322,161.88,162.25,0.37
2025-03-26 09:07:22,XYZ,196.06,2835,195.44,196.21,0.77
2025-03-26 09:07:23,XYZ,131.26,554,130.49,131.68,1.19
2025-03-26 09:07:24,XYZ,155.23,8881,154.78,155.58,0.8
2025-03-26 09:07:25,XYZ,195.2,8421,194.68,195.96,1.28
2025-03-26 09:07:26,XYZ,105.45,3048,105.17,106.36,1.19
2025-03-26 09:07:27,XYZ,157.22,314,156.61,157.54,0.93
2025-03-26 09:07:28,XYZ,196.6,4375,196.4,196.81,0.41
2025-03-26 09:07:29,XYZ,100.92,969,100.55,101.79,1.24
2025-03-26 09:07:30,XYZ,154.77,7634,153.97,155.59,1.62
2025-03-26 09:07:31,XYZ,102.66,3818,102.08,103.23,1.15
2025-03-26 09:07:32,XYZ,117.07,4230,116.38,117.94,1.56
2025-03-26 09:07:33,XYZ,138.52,6420,137.87,139.06,1.19
2025-03-26 09:07:34,XYZ,115.34,6844,115.11,116.32,1.21
2025-03-26 09:07:35,XYZ,157.57,8529,157.16,158.51,1.35
2025-03-26 09:07:36,XYZ,114.69,8264,114.13,115.28,1.15
2025-03-26 09:07:37,XYZ,147.04,9159,146.15,147.24,1.09
2025-03-26 09:07:38,XYZ,119.68,2400,119.58,120.31,0.73
2025-03-26 09:07:39,XYZ,180.76,451,179.86,181.14,1.28
2025-03-26 09:07:40,XYZ,116.01,8296,115.69,116.21,0.52
2025-03-26 09:07:41,XYZ,153.41,7612,153.05,154.22,1.17
2025-03-26 09:07:42,XYZ,152.68,9436,152.56,152.79,0.23
2025-03-26 09:07:43,XYZ,148.24,7181,147.85,148.52,0.67
2025-03-26 09:07:44,XYZ,145.31,989,144.5,145.5,1.0
2025-03-26 09:07:45,XYZ,165.48,4105,164.89,166.33,1.44
2025-03-26 09:07:46,XYZ,113.27,6937,112.84,113.48,0.64
2025-03-26 09:07:47,XYZ,169.2,7918,168.29,169.72,1.43
2025-03-26 09:07:48,XYZ,187.63,1113,187.17,188.53,1.36
2025-03-26 09:07:49,XYZ,166.27,4455,165.51,166.71,1.2
2025-03-26 09:07:50,XYZ,155.49,3230,154.63,156.32,1.69
2025-03-26 09:07:51,XYZ,158.1,4311,157.65,158.34,0.69
2025-03-26 09:07:52,XYZ,181.53,7513,180.68,181.98,1.3
2025-03-26 09:07:53,XYZ,187.89,3798,187.67,188.06,0.39
2025-03-26 09:07:54,XYZ,127.29,404,126.43,127.45,1.02
2025-03-26 09:07:55,XYZ,128.71,5764,127.88,129.66,1.78
2025-03-26 09:07:56,XYZ,146.78,550,146.68,147.58,0.9
2025-03-26 09:07:57,XYZ,159.56,5841,158.75,160.51,1.76
2025-03-26 09:07:58,XYZ,137.67,1299,136.71,138.44,1.73
2025-03-26 09:07:59,XYZ,172.05,8096,171.73,172.34,0.61
2025-03-26 09:08:00,XYZ,109.7,6696,109.12,110.65,1.53
2025-03-26 09:08:01,XYZ,169.63,2610,169.21,170.02,0.81
2025-03-26 09:08:02,XYZ,102.22,9449,101.83,102.72,0.89
2025-03-26 09:08:03,XYZ,112.99,8469,112.54,113.91,1.37
2025-03-26 09:08:04,XYZ,125.87,6141,125.27,126.84,1.57
2025-03-26 09:08:05,XYZ,134.55,2117,133.63,135.45,1.82
2025-03-26 09:08:06,XYZ,181.23,6618,181.12,182.08,0.96
2025-03-26 09:08:07,XYZ,178.25,8017,178.0,178.65,0.65
2025-03-26 09:08:08,XYZ,121.94,5657,121.03,122.78,1.75
2025-03-26 09:08:09,XYZ,185.47,2775,184.54,186.11,1.57
2025-03-26 09:08:10,XYZ,182.73,7447,182.16,183.01,0.85
2025-03-26 09:08:11,XYZ,136.92,6701,136.72,137.49,0.77
2025-03-26 09:08:12,XYZ,156.79,7887,156.41,157.1,0.69
2025-03-26 09:08:13,XYZ,129.52,3965,129.33,129.76,0.43
2025-03-26 09:08:14,XYZ,104.85,3482,104.24,105.16,0.92
2025-03-26 09:08:15,XYZ,172.96,1984,172.62,173.77,1.15
2025-03-26 09:08:16,XYZ,140.4,8331,139.48,141.35,1.87
2025-03-26 09:08:17,XYZ,115.56,2969,114.94,116.14,1.2
2025-03-26 09:08:18,XYZ,197.98,5620,197.51,198.65,1.14
2025-03-26 09:08:19,XYZ,169.65,940,169.25,170.39,1.14
2025-03-26 09:08:20,XYZ,157.86,6727,157.29,158.45,1.16
2025-03-26 09:08:21,XYZ,141.17,4174,140.42,141.75,1.33
2025-03-26 09:08:22,XYZ,168.58,1454,168.35,168.81,0.46
2025-03-26 09:08:23,XYZ,172.2,2081,171.49,172.65,1.16
2025-03-26 09:08:24,XYZ,113.2,9310,112.34,114.17,1.83
2025-03-26 09:08:25,XYZ,197.02,5081,196.42,197.38,0.96
2025-03-26 09:08:26,XYZ,128.0,3114,127.49,128.61,1.12
2025-03-26 09:08:27,XYZ,139.06,2887,138.8,139.95,1.15
2025-03-26 09:08:28,XYZ,183.08,6260,182.5,183.18,0.68
2025-03-26 09:08:29,XYZ,121.95,7976,121.54,122.57,1.03
2025-03-26 09:08:30,XYZ,187.87,6199,187.04,188.08,1.04
2025-03-26 09:08:31,XYZ,141.69,6503,141.49,142.12,0.63
2025-03-26 09:08:32,XYZ,172.45,9467,172.03,172.76,0.73
2025-03-26 09:08:33,XYZ,174.59,2007,174.24,175.05,0.81
2025-03-26 09:08:34,XYZ,183.75,5381,182.91,184.3,1.39
2025-03-26 09:08:35,XYZ,108.89,6626,107.9,109.79,1.89
2025-03-26 09:08:36,XYZ,137.64,6691,136.97,138.5,1.53
2025-03-26 09:08:37,XYZ,114.08,4952,113.47,115.08,1.61
2025-03-26 09:08:38,XYZ,119.95,3218,119.53,120.2,0.67
2025-03-26 09:08:39,XYZ,198.8,5042,198.08,199.28,1.2
2025-03-26 09:08:40,XYZ,114.55,3609,113.99,115.51,1.52
2025-03-26 09:08:41,XYZ,137.96,5589,137.24,138.54,1.3
2025-03-26 09:08:42,XYZ,175.7,1023,175.03,176.69,1.66
2025-03-26 09:08:43,XYZ,139.98,893,139.43,140.79,1.36
2025-03-26 09:08:44,XYZ,170.71,7857,170.27,171.21,0.94
2025-03-26 09:08:45,XYZ,186.7,7376,186.12,187.45,1.33
2025-03-26 09:08:46,XYZ,133.09,213,132.3,133.66,1.36
2025-03-26 09:08:47,XYZ,163.82,2717,162.9,164.15,1.25
2025-03-26 09:08:48,XYZ,152.73,402,152.15,153.73,1.58
2025-03-26 09:08:49,XYZ,175.67,3069,174.83,176.02,1.19
2025-03-26 09:08:50,XYZ,123.15,3172,122.54,123.43,0.89
2025-03-26 09:08:51,XYZ,102.46,9824,102.26,102.93,0.67
2025-03-26 09:08:52,XYZ,166.58,6131,165.75,167.58,1.83
2025-03-26 09:08:53,XYZ,163.09,5071,162.26,163.64,1.38
2025-03-26 09:08:54,XYZ,185.12,4303,184.81,186.01,1.2
2025-03-26 09:08:55,XYZ,186.89,3723,186.15,187.27,1.12
2025-03-26 09:08:56,XYZ,174.72,1457,174.45,175.0,0.55
2025-03-26 09:08:57,XYZ,177.53,4020,176.95,178.43,1.48
2025-03-26 09:08:58,XYZ,138.86,1024,138.5,139.36,0.86
2025-03-26 09:08:59,XYZ,102.62,5128,101.75,103.35,1.6
2025-03-26 09:09:00,XYZ,189.23,5234,189.06,189.99,0.93
2025-03-26 09:09:01,XYZ,158.25,4029,157.79,158.85,1.06
2025-03-26 09:09:02,XYZ,120.77,1316,120.51,121.76,1.25
2025-03-26 09:09:03,XYZ,132.86,2926,132.15,133.15,1.0
2025-03-26 09:09:04,XYZ,173.46,5992,172.85,174.09,1.24
2025-03-26 09:09:05,XYZ,158.76,3618,158.42,158.97,0.55
2025-03-26 09:09:06,XYZ,183.01,5434,182.82,183.6,0.78
2025-03-26 09:09:07,XYZ,117.45,4622,116.58,117.57,0.99
2025-03-26 09:09:08,XYZ,198.67,5019,197.8,199.38,1.58
2025-03-26 09:09:09,XYZ,127.08,8866,126.88,127.28,0.4
2025-03-26 09:09:10,XYZ,122.17,3900,121.65,122.91,1.26
2025-03-26 09:09:11,XYZ,188.89,9717,188.37,189.16,0.79
2025-03-26 09:09:12,XYZ,124.0,3083,123.87,124.67,0.8
2025-03-26 09:09:13,XYZ,162.04,9559,161.08,162.52,1.44
2025-03-26 09:09:14,XYZ,143.57,9255,142.73,144.18,1.45
2025-03-26 09:09:15,XYZ,133.38,2099,132.73,134.13,1.4
2025-03-26 09:09:16,XYZ,117.93,8664,117.72,118.26,0.54
2025-03-26 09:09:17,XYZ,106.67,8574,105.76,107.44,1.68
2025-03-26 09:09:18,XYZ,173.01,7765,172.77,173.97,1.2
2025-03-26 09:09:19,XYZ,138.57,4008,137.75,138.97,1.22
2025-03-26 09:09:20,XYZ,197.13,1016,196.15,197.4,1.25
2025-03-26 09:09:21,XYZ,190.88,4265,190.61,191.71,1.1
2025-03-26 09:09:22,XYZ,109.85,5753,109.13,110.62,1.49
2025-03-26 09:09:23,XYZ,157.84,9671,157.26,158.31,1.05
2025-03-26 09:09:24,XYZ,174.0,8032,173.52,174.31,0.79
2025-03-26 09:09:25,XYZ,194.85,5415,194.52,195.56,1.04
2025-03-26 09:09:26,XYZ,153.58,5167,152.8,154.17,1.37
2025-03-26 09:09:27,XYZ,181.49,222,181.24,181.64,0.4
2025-03-26 09:09:28,XYZ,186.31,784,185.98,186.92,0.94
2025-03-26 09:09:29,XYZ,100.62,1119,99.73,100.89,1.16
2025-03-26 09:09:30,XYZ,103.29,4099,102.8,103.46,0.66
2025-03-26 09:09:31,XYZ,169.05,4917,168.13,169.78,1.65
2025-03-26 09:09:32,XYZ,154.27,4748,154.11,155.1,0.99
2025-03-26 09:09:33,XYZ,153.64,588,152.82,154.26,1.44
2025-03-26 09:09:34,XYZ,140.04,7235,139.22,140.67,1.45
2025-03-26 09:09:35,XYZ,112.79,8625,112.39,113.77,1.38
2025-03-26 09:09:36,XYZ,126.67,816,126.12,126.95,0.83
2025-03-26 09:09:37,XYZ,156.62,1226,155.71,157.53,1.82
2025-03-26 09:09:38,XYZ,110.31,2930,109.64,110.7,1.06
2025-03-26 09:09:39,XYZ,168.9,9518,168.33,169.14,0.81
2025-03-26 09:09:40,XYZ,125.15,1341,124.25,125.82,1.57
2025-03-26 09:09:41,XYZ,155.36,2889,154.37,156.36,1.99
2025-03-26 09:09:42,XYZ,176.36,9788,176.05,176.61,0.56
2025-03-26 09:09:43,XYZ,179.21,7444,178.81,180.15,1.34
2025-03-26 09:09:44,XYZ,107.72,7452,107.47,108.46,0.99
2025-03-26 09:09:45,XYZ,156.46,3430,155.78,157.3,1.52
2025-03-26 09:09:46,XYZ,168.09,4087,167.65,168.63,0.98
2025-03-26 09:09:47,XYZ,185.17,6521,184.36,185.61,1.25
2025-03-26 09:09:48,XYZ,152.65,3696,152.16,153.59,1.43
2025-03-26 09:09:49,XYZ,178.12,6350,177.41,179.01,1.6
2025-03-26 09:09:50,XYZ,156.11,6308,155.35,156.78,1.43
2025-03-26 09:09:51,XYZ,189.42,1256,188.78,190.19,1.41
2025-03-26 09:09:52,XYZ,163.61,8562,163.04,163.72,0.68
2025-03-26 09:09:53,XYZ,174.2,8315,173.81,175.07,1.26
2025-03-26 09:09:54,XYZ,167.46,8885,166.62,168.1,1.48
2025-03-26 09:09:55,XYZ,126.85,8434,126.23,127.5,1.27
2025-03-26 09:09:56,XYZ,128.88,4678,128.58,129.39,0.81
2025-03-26 09:09:57,XYZ,191.51,5694,190.84,192.05,1.21
2025-03-26 09:09:58,XYZ,188.22,1322,187.81,188.7,0.89
2025-03-26 09:09:59,XYZ,103.26,8141,103.01,103.76,0.75
2025-03-26 09:10:00,XYZ,194.76,3622,194.59,195.09,0.5
2025-03-26 09:10:01,XYZ,167.16,9590,166.41,167.88,1.47
2025-03-26 09:10:02,XYZ,106.98,2410,106.42,107.33,0.91
2025-03-26 09:10:03,XYZ,190.45,4021,189.99,191.34,1.35
2025-03-26 09:10:04,XYZ,146.49,5568,146.0,146.75,0.75
2025-03-26 09:10:05,XYZ,188.77,3449,187.81,188.9,1.09
2025-03-26 09:10:06,XYZ,156.59,3586,156.21,157.27,1.06
2025-03-26 09:10:07,XYZ,174.56,8460,174.22,174.94,0.72
2025-03-26 09:10:08,XYZ,150.88,1448,149.92,151.01,1.09
2025-03-26 09:10:09,XYZ,113.71,7470,113.07,113.93,0.86
2025-03-26 09:10:10,XYZ,154.21,5843,153.96,155.09,1.13
2025-03-26 09:10:11,XYZ,180.14,2771,179.87,180.47,0.6
2025-03-26 09:10:12,XYZ,113.33,5214,112.65,114.05,1.4
2025-03-26 09:10:13,XYZ,195.7,5953,194.87,196.04,1.17
2025-03-26 09:10:14,XYZ,150.75,2428,150.27,151.39,1.12
2025-03-26 09:10:15,XYZ,104.47,7788,104.28,105.17,0.89
2025-03-26 09:10:16,XYZ,167.17,8108,166.54,168.06,1.52
2025-03-26 09:10:17,XYZ,180.95,3289,180.43,181.42,0.99
2025-03-26 09:10:18,XYZ,195.39,6488,194.96,196.06,1.1
2025-03-26 09:10:19,XYZ,181.4,3126,181.02,181.87,0.85
2025-03-26 09:10:20,XYZ,144.88,3649,144.44,145.1,0.66
2025-03-26 09:10:21,XYZ,181.98,985,181.77,182.92,1.15
2025-03-26 09:10:22,XYZ,154.38,2758,154.21,154.74,0.53
2025-03-26 09:10:23,XYZ,168.41,4898,167.98,168.64,0.66
2025-03-26 09:10:24,XYZ,157.94,6247,157.52,158.47,0.95
2025-03-26 09:10:25,XYZ,185.95,6640,185.78,186.6,0.82
2025-03-26 09:10:26,XYZ,116.11,8560,115.55,116.6,1.05
2025-03-26 09:10:27,XYZ,172.59,7394,172.34,173.34,1.0
2025-03-26 09:10:28,XYZ,147.46,8179,146.85,147.96,1.11
2025-03-26 09:10:29,XYZ,171.89,4554,171.58,172.11,0.53
2025-03-26 09:10:30,XYZ,123.27,835,122.31,123.66,1.35
2025-03-26 09:10:31,XYZ,141.11,4966,140.71,141.44,0.73
2025-03-26 09:10:32,XYZ,183.36,4362,183.08,184.01,0.93
2025-03-26 09:10:33,XYZ,182.48,5768,182.15,183.14,0.99
2025-03-26 09:10:34,XYZ,187.44,615,186.98,188.0,1.02
2025-03-26 09:10:35,XYZ,139.69,5656,138.8,140.54,1.74
2025-03-26 09:10:36,XYZ,110.25,387,109.71,110.65,0.94
2025-03-26 09:10:37,XYZ,142.07,9019,141.86,142.34,0.48
2025-03-26 09:10:38,XYZ,173.28,5771,172.57,173.4,0.83
2025-03-26 09:10:39,XYZ,111.76,6059,111.14,112.33,1.19
2025-03-26 09:10:40,XYZ,148.73,9330,148.63,149.46,0.83
2025-03-26 09:10:41,XYZ,152.27,6257,151.9,153.07,1.17
2025-03-26 09:10:42,XYZ,198.76,424,198.18,199.38,1.2
2025-03-26 09:10:43,XYZ,132.68,1730,132.06,132.9,0.84
2025-03-26 09:10:44,XYZ,151.33,1959,150.82,152.31,1.49
2025-03-26 09:10:45,XYZ,199.09,6920,198.46,199.47,1.01
2025-03-26 09:10:46,XYZ,138.49,9765,137.96,139.31,1.35
2025-03-26 09:10:47,XYZ,107.68,127,106.72,107.9,1.18
2025-03-26 09:10:48,XYZ,111.34,4526,111.09,112.32,1.23
2025-03-26 09:10:49,XYZ,115.18,1678,114.37,116.06,1.69
2025-03-26 09:10:50,XYZ,181.37,9142,181.12,182.05,0.93
2025-03-26 09:10:51,XYZ,109.83,5498,109.48,110.28,0.8
2025-03-26 09:10:52,XYZ,176.66,3134,175.7,177.21,1.51
2025-03-26 09:10:53,XYZ,158.78,1774,158.66,159.73,1.07
2025-03-26 09:10:54,XYZ,178.84,6789,178.51,179.57,1.06
2025-03-26 09:10:55,XYZ,110.82,2919,110.01,111.68,1.67
2025-03-26 09:10:56,XYZ,157.87,845,157.02,158.01,0.99
2025-03-26 09:10:57,XYZ,140.22,1412,139.75,141.17,1.42
2025-03-26 09:10:58,XYZ,182.7,5997,182.46,183.16,0.7
2025-03-26 09:10:59,XYZ,112.65,2245,111.71,113.47,1.76
2025-03-26 09:11:00,XYZ,146.49,9046,145.55,147.41,1.86
2025-03-26 09:11:01,XYZ,187.61,1716,187.24,188.55,1.31
2025-03-26 09:11:02,XYZ,111.37,2259,111.25,111.77,0.52
2025-03-26 09:11:03,XYZ,155.08,7712,154.76,155.49,0.73
2025-03-26 09:11:04,XYZ,160.09,119,159.48,160.76,1.28
2025-03-26 09:11:05,XYZ,128.34,6419,128.12,128.77,0.65
2025-03-26 09:11:06,XYZ,193.5,2257,192.95,193.98,1.03
2025-03-26 09:11:07,XYZ,133.04,5456,132.4,133.51,1.11
2025-03-26 09:11:08,XYZ,115.23,4441,114.66,115.67,1.01
2025-03-26 09:11:09,XYZ,187.61,162,187.29,188.24,0.95
2025-03-26 09:11:10,XYZ,164.85,5564,163.97,165.76,1.79
2025-03-26 09:11:11,XYZ,148.55,2393,148.06,148.95,0.89
2025-03-26 09:11:12,XYZ,124.12,5994,123.62,124.58,0.96
2025-03-26 09:11:13,XYZ,147.96,4121,147.21,148.23,1.02
2025-03-26 09:11:14,XYZ,177.98,3409,177.24,178.33,1.09
2025-03-26 09:11:15,XYZ,127.87,3107,127.62,128.61,0.99
2025-03-26 09:11:16,XYZ,196.98,8078,196.45,197.61,1.16
2025-03-26 09:11:17,XYZ,163.27,4651,162.78,163.97,1.19
2025-03-26 09:11:18,XYZ,139.29,1790,138.44,140.13,1.69
2025-03-26 09:11:19,XYZ,118.06,5777,117.54,118.91,1.37
2025-03-26 09:11:20,XYZ,175.38,5069,174.69,176.3,1.61
2025-03-26 09:11:21,XYZ,191.72,1741,191.05,191.92,0.87
2025-03-26 09:11:22,XYZ,163.38,1424,163.0,163.94,0.94
2025-03-26 09:11:23,XYZ,190.28,9187,189.85,190.94,1.09
2025-03-26 09:11:24,XYZ,145.33,7309,145.07,145.7,0.63
2025-03-26 09:11:25,XYZ,125.01,5334,124.63,125.22,0.59
2025-03-26 09:11:26,XYZ,139.38,3324,138.67,140.36,1.69
2025-03-26 09:11:27,XYZ,137.2,6109,136.98,137.82,0.84
2025-03-26 09:11:28,XYZ,170.71,1782,169.76,171.61,1.85
2025-03-26 09:11:29,XYZ,138.22,8200,137.46,138.5,1.04
2025-03-26 09:11:30,XYZ,174.42,5767,173.56,175.24,1.68
2025-03-26 09:11:31,XYZ,196.74,4625,195.78,197.06,1.28
2025-03-26 09:11:32,XYZ,194.83,4274,194.2,195.7,1.5
2025-03-26 09:11:33,XYZ,106.67,1379,106.47,106.92,0.45
2025-03-26 09:11:34,XYZ,114.17,7632,113.46,114.43,0.97
2025-03-26 09:11:35,XYZ,102.24,6077,101.24,102.36,1.12
2025-03-26 09:11:36,XYZ,194.18,9257,193.72,194.3,0.58
2025-03-26 09:11:37,XYZ,147.11,5426,147.0,147.68,0.68
2025-03-26 09:11:38,XYZ,153.23,3951,152.24,153.52,1.28
2025-03-26 09:11:39,XYZ,156.37,4653,155.79,157.01,1.22
2025-03-26 09:11:40,XYZ,117.77,2656,117.41,118.47,1.06
2025-03-26 09:11:41,XYZ,177.96,339,177.55,178.84,1.29
2025-03-26 09:11:42,XYZ,198.78,5259,197.91,199.11,1.2
2025-03-26 09:11:43,XYZ,146.73,5572,145.99,147.64,1.65
2025-03-26 09:11:44,XYZ,104.5,3558,103.95,105.37,1.42
2025-03-26 09:11:45,XYZ,112.7,3527,111.97,112.91,0.94
2025-03-26 09:11:46,XYZ,137.6,5210,137.38,138.1,0.72
2025-03-26 09:11:47,XYZ,144.43,7987,143.8,145.39,1.59
2025-03-26 09:11:48,XYZ,149.3,2815,148.81,149.81,1.0
2025-03-26 09:11:49,XYZ,195.36,9561,195.04,196.16,1.12
2025-03-26 09:11:50,XYZ,100.35,2954,99.6,100.46,0.86
2025-03-26 09:11:51,XYZ,133.43,8727,133.08,134.4,1.32
2025-03-26 09:11:52,XYZ,182.55,3568,182.13,183.34,1.21
2025-03-26 09:11:53,XYZ,121.56,8808,121.38,122.09,0.71
2025-03-26 09:11:54,XYZ,122.94,1169,122.66,123.79,1.13
2025-03-26 09:11:55,XYZ,115.63,1870,115.27,115.82,0.55
2025-03-26 09:11:56,XYZ,193.13,7940,192.91,193.61,0.7
2025-03-26 09:11:57,XYZ,170.43,7835,170.14,171.31,1.17
2025-03-26 09:11:58,XYZ,189.96,3241,189.79,190.5,0.71
2025-03-26 09:11:59,XYZ,132.7,2843,132.52,133.26,0.74
2025-03-26 09:12:00,XYZ,197.48,2272,196.82,197.67,0.85
2025-03-26 09:12:01,XYZ,115.74,3526,115.38,116.06,0.68
2025-03-26 09:12:02,XYZ,152.58,4676,151.6,153.06,1.46
2025-03-26 09:12:03,XYZ,108.22,3176,108.0,108.67,0.67
2025-03-26 09:12:04,XYZ,119.1,6337,118.86,119.26,0.4
2025-03-26 09:12:05,XYZ,132.21,3696,132.02,133.0,0.98
2025-03-26 09:12:06,XYZ,188.06,4876,187.4,188.3,0.9
2025-03-26 09:12:07,XYZ,166.67,696,166.27,166.83,0.56
2025-03-26 09:12:08,XYZ,136.4,2595,135.6,136.69,1.09
2025-03-26 09:12:09,XYZ,116.86,8837,116.17,117.39,1.22
2025-03-26 09:12:10,XYZ,105.22,1419,104.28,105.72,1.44
2025-03-26 09:12:11,XYZ,184.22,1305,183.86,185.02,1.16
2025-03-26 09:12:12,XYZ,177.73,1204,177.34,178.04,0.7
2025-03-26 09:12:13,XYZ,130.95,7201,130.3,131.7,1.4
2025-03-26 09:12:14,XYZ,170.49,6193,169.84,171.41,1.57
2025-03-26 09:12:15,XYZ,190.81,7152,190.11,191.72,1.61
2025-03-26 09:12:16,XYZ,184.15,8871,183.82,184.89,1.07
2025-03-26 09:12:17,XYZ,199.69,2118,198.7,200.62,1.92
2025-03-26 09:12:18,XYZ,171.27,7466,170.41,171.87,1.46
2025-03-26 09:12:19,XYZ,170.06,4813,169.25,170.38,1.13
2025-03-26 09:12:20,XYZ,154.63,3794,153.65,155.17,1.52
2025-03-26 09:12:21,XYZ,198.59,108,198.13,199.17,1.04
2025-03-26 09:12:22,XYZ,106.36,5536,105.55,107.28,1.73
2025-03-26 09:12:23,XYZ,186.02,6811,185.75,186.49,0.74
2025-03-26 09:12:24,XYZ,176.17,7242,175.21,177.13,1.92
2025-03-26 09:12:25,XYZ,107.48,9540,106.54,107.98,1.44
2025-03-26 09:12:26,XYZ,148.86,793,148.57,149.69,1.12
2025-03-26 09:12:27,XYZ,165.79,1494,165.34,166.37,1.03
2025-03-26 09:12:28,XYZ,160.45,6225,159.64,160.84,1.2
2025-03-26 09:12:29,XYZ,164.96,3785,164.37,165.95,1.58
2025-03-26 09:12:30,XYZ,148.42,429,147.94,148.86,0.92
2025-03-26 09:12:31,XYZ,136.17,2280,135.9,136.59,0.69
2025-03-26 09:12:32,XYZ,181.88,2036,181.27,182.0,0.73
2025-03-26 09:12:33,XYZ,105.5,1969,104.92,105.71,0.79
2025-03-26 09:12:34,XYZ,182.32,1750,181.7,183.06,1.36
2025-03-26 09:12:35,XYZ,184.23,9666,183.38,185.18,1.8
2025-03-26 09:12:36,XYZ,199.61,979,198.76,200.13,1.37
2025-03-26 09:12:37,XYZ,155.57,3909,154.75,156.04,1.29
2025-03-26 09:12:38,XYZ,181.74,9307,181.18,182.44,1.26
2025-03-26 09:12:39,XYZ,188.79,8807,188.25,189.26,1.01
2025-03-26 09:12:40,XYZ,146.02,1946,145.37,147.01,1.64
2025-03-26 09:12:41,XYZ,179.52,1211,179.16,180.26,1.1
2025-03-26 09:12:42,XYZ,183.25,7599,182.9,183.4,0.5
2025-03-26 09:12:43,XYZ,153.5,9193,152.92,153.88,0.96
2025-03-26 09:12:44,XYZ,138.44,9446,138.0,138.89,0.89
2025-03-26 09:12:45,XYZ,170.11,7280,169.94,170.49,0.55
2025-03-26 09:12:46,XYZ,136.25,5416,135.55,136.74,1.19
2025-03-26 09:12:47,XYZ,104.52,3403,104.4,105.31,0.91
2025-03-26 09:12:48,XYZ,184.28,2734,183.53,185.04,1.51
2025-03-26 09:12:49,XYZ,166.35,2378,165.56,167.0,1.44
2025-03-26 09:12:50,XYZ,189.27,4076,188.97,189.62,0.65
2025-03-26 09:12:51,XYZ,121.15,4048,120.71,121.99,1.28
2025-03-26 09:12:52,XYZ,175.3,2233,175.17,175.91,0.74
2025-03-26 09:12:53,XYZ,171.89,4038,171.45,172.67,1.22
2025-03-26 09:12:54,XYZ,145.44,2566,145.14,146.25,1.11
2025-03-26 09:12:55,XYZ,182.55,386,182.29,182.99,0.7
2025-03-26 09:12:56,XYZ,153.41,1357,152.42,153.71,1.29
2025-03-26 09:12:57,XYZ,171.25,531,170.29,171.45,1.16
2025-03-26 09:12:58,XYZ,128.26,1007,127.69,128.97,1.28
2025-03-26 09:12:59,XYZ,158.52,7979,157.97,158.72,0.75
2025-03-26 09:13:00,XYZ,176.68,9400,175.93,176.92,0.99
2025-03-26 09:13:01,XYZ,157.02,1411,156.36,157.37,1.01
2025-03-26 09:13:02,XYZ,180.62,242,180.37,180.87,0.5
2025-03-26 09:13:03,XYZ,156.8,5781,156.26,157.14,0.88
2025-03-26 09:13:04,XYZ,118.93,5924,117.99,119.42,1.43
2025-03-26 09:13:05,XYZ,165.02,3113,164.87,165.56,0.69
2025-03-26 09:13:06,XYZ,136.78,9716,136.61,137.12,0.51
2025-03-26 09:13:07,XYZ,169.99,7478,169.47,170.72,1.25
2025-03-26 09:13:08,XYZ,184.42,6408,183.69,184.82,1.13
2025-03-26 09:13:09,XYZ,100.19,9160,99.99,100.48,0.49
2025-03-26 09:13:10,XYZ,111.48,4031,110.5,112.29,1.79
2025-03-26 09:13:11,XYZ,111.52,1200,110.81,112.19,1.38
2025-03-26 09:13:12,XYZ,167.62,2470,167.5,168.6,1.1
2025-03-26 09:13:13,XYZ,188.89,6082,188.36,189.83,1.47
2025-03-26 09:13:14,XYZ,171.55,2127,171.41,172.47,1.06
2025-03-26 09:13:15,XYZ,132.53,2826,132.08,133.22,1.14
2025-03-26 09:13:16,XYZ,163.55,7739,162.86,163.96,1.1
2025-03-26 09:13:17,XYZ,178.47,9437,177.6,179.38,1.78
2025-03-26 09:13:18,XYZ,169.76,9983,169.19,170.62,1.43
2025-03-26 09:13:19,XYZ,128.09,8936,127.61,128.65,1.04
2025-03-26 09:13:20,XYZ,161.43,1355,160.74,162.15,1.41
2025-03-26 09:13:21,XYZ,164.94,5387,163.94,165.77,1.83
2025-03-26 09:13:22,XYZ,138.96,7117,138.42,139.69,1.27
2025-03-26 09:13:23,XYZ,110.47,7981,110.02,111.36,1.34
2025-03-26 09:13:24,XYZ,104.84,5477,104.18,105.62,1.44
2025-03-26 09:13:25,XYZ,162.12,8999,161.78,162.76,0.98
2025-03-26 09:13:26,XYZ,157.26,1697,156.86,158.21,1.35
2025-03-26 09:13:27,XYZ,175.68,7448,175.21,176.26,1.05
2025-03-26 09:13:28,XYZ,193.83,1176,193.26,194.67,1.41
2025-03-26 09:13:29,XYZ,114.96,4721,114.37,115.77,1.4
2025-03-26 09:13:30,XYZ,123.09,7488,122.51,123.97,1.46
2025-03-26 09:13:31,XYZ,169.8,9215,169.33,170.13,0.8
2025-03-26 09:13:32,XYZ,117.63,2692,116.91,118.39,1.48
2025-03-26 09:13:33,XYZ,137.99,5682,137.8,138.96,1.16
2025-03-26 09:13:34,XYZ,198.33,7391,197.36,199.31,1.95
2025-03-26 09:13:35,XYZ,104.46,8239,103.57,105.24,1.67
2025-03-26 09:13:36,XYZ,173.64,3180,172.96,174.46,1.5
2025-03-26 09:13:37,XYZ,161.03,175,160.29,161.71,1.42
2025-03-26 09:13:38,XYZ,155.13,6564,154.31,155.6,1.29
2025-03-26 09:13:39,XYZ,145.73,7511,144.83,145.85,1.02
2025-03-26 09:13:40,XYZ,192.57,3159,191.92,193.1,1.18
2025-03-26 09:13:41,XYZ,108.27,6016,107.49,109.09,1.6
2025-03-26 09:13:42,XYZ,136.98,7442,136.4,137.83,1.43
2025-03-26 09:13:43,XYZ,144.88,1085,144.48,145.11,0.63
2025-03-26 09:13:44,XYZ,156.21,3109,155.41,156.34,0.93
2025-03-26 09:13:45,XYZ,118.15,3680,117.73,118.68,0.95
2025-03-26 09:13:46,XYZ,145.74,577,145.45,146.6,1.15
2025-03-26 09:13:47,XYZ,199.98,1235,199.75,200.92,1.17
2025-03-26 09:13:48,XYZ,117.26,8887,116.29,118.22,1.93
2025-03-26 09:13:49,XYZ,192.88,756,192.04,193.78,1.74
2025-03-26 09:13:50,XYZ,128.76,8519,127.95,129.22,1.27
2025-03-26 09:13:51,XYZ,193.02,4044,192.58,193.38,0.8
2025-03-26 09:13:52,XYZ,112.61,5405,112.34,113.0,0.66
2025-03-26 09:13:53,XYZ,199.36,7273,198.52,199.83,1.31
2025-03-26 09:13:54,XYZ,178.66,5518,178.29,179.54,1.25
2025-03-26 09:13:55,XYZ,170.15,9037,169.78,170.28,0.5
2025-03-26 09:13:56,XYZ,189.49,2561,188.52,190.28,1.76
2025-03-26 09:13:57,XYZ,154.63,9370,154.42,155.56,1.14
2025-03-26 09:13:58,XYZ,102.11,3634,101.49,102.54,1.05
2025-03-26 09:13:59,XYZ,122.73,110,121.76,123.1,1.34
2025-03-26 09:14:00,XYZ,186.15,4153,185.47,186.77,1.3
2025-03-26 09:14:01,XYZ,133.05,1384,132.61,133.97,1.36
2025-03-26 09:14:02,XYZ,169.75,8763,169.07,169.91,0.84
2025-03-26 09:14:03,XYZ,111.56,1448,110.69,111.75,1.06
2025-03-26 09:14:04,XYZ,127.34,8998,126.98,127.87,0.89
2025-03-26 09:14:05,XYZ,152.41,2601,152.21,153.05,0.84
2025-03-26 09:14:06,XYZ,174.92,4296,174.01,175.81,1.8
2025-03-26 09:14:07,XYZ,164.57,1215,163.9,165.08,1.18
2025-03-26 09:14:08,XYZ,196.4,6798,195.55,197.0,1.45
2025-03-26 09:14:09,XYZ,111.92,252,110.93,112.69,1.76
2025-03-26 09:14:10,XYZ,120.48,9590,119.57,120.73,1.16
2025-03-26 09:14:11,XYZ,152.83,9977,152.44,153.46,1.02
2025-03-26 09:14:12,XYZ,149.29,5473,148.79,149.58,0.79
2025-03-26 09:14:13,XYZ,194.42,1828,194.23,195.35,1.12
2025-03-26 09:14:14,XYZ,186.61,8098,186.18,187.42,1.24
2025-03-26 09:14:15,XYZ,177.82,5851,177.11,178.45,1.34
2025-03-26 09:14:16,XYZ,173.58,4101,173.42,173.75,0.33
2025-03-26 09:14:17,XYZ,194.63,4487,194.33,195.07,0.74
2025-03-26 09:14:18,XYZ,107.78,3900,107.59,108.72,1.13
2025-03-26 09:14:19,XYZ,135.57,1666,135.43,135.88,0.45
2025-03-26 09:14:20,XYZ,173.02,5247,172.54,173.83,1.29
2025-03-26 09:14:21,XYZ,196.99,2297,196.02,197.16,1.14
2025-03-26 09:14:22,XYZ,178.45,4434,177.48,179.11,1.63
2025-03-26 09:14:23,XYZ,144.19,8092,143.3,144.32,1.02
2025-03-26 09:14:24,XYZ,116.89,3988,115.92,117.23,1.31
2025-03-26 09:14:25,XYZ,157.27,622,157.04,157.86,0.82
2025-03-26 09:14:26,XYZ,106.84,5297,105.88,107.41,1.53
2025-03-26 09:14:27,XYZ,196.62,2235,195.64,197.49,1.85
2025-03-26 09:14:28,XYZ,168.75,8788,168.62,169.05,0.43
2025-03-26 09:14:29,XYZ,111.64,6799,111.09,112.0,0.91
2025-03-26 09:14:30,XYZ,123.88,9237,123.71,124.18,0.47
2025-03-26 09:14:31,XYZ,123.66,2155,123.51,123.91,0.4
2025-03-26 09:14:32,XYZ,112.11,1929,111.87,112.39,0.52
2025-03-26 09:14:33,XYZ,172.52,5429,171.59,173.02,1.43
2025-03-26 09:14:34,XYZ,196.59,6968,195.62,196.86,1.24
2025-03-26 09:14:35,XYZ,181.81,3630,181.6,182.57,0.97
2025-03-26 09:14:36,XYZ,186.61,2089,186.26,187.54,1.28
2025-03-26 09:14:37,XYZ,128.59,4771,127.75,128.75,1.0
2025-03-26 09:14:38,XYZ,174.12,6090,173.46,174.91,1.45
2025-03-26 09:14:39,XYZ,171.99,8954,171.21,172.29,1.08
2025-03-26 09:14:40,XYZ,122.11,2101,121.18,122.61,1.43
2025-03-26 09:14:41,XYZ,153.53,3039,152.79,153.84,1.05
2025-03-26 09:14:42,XYZ,108.1,5657,107.23,108.38,1.15
2025-03-26 09:14:43,XYZ,131.81,9880,131.01,132.6,1.59
2025-03-26 09:14:44,XYZ,167.85,8227,167.21,168.12,0.91
2025-03-26 09:14:45,XYZ,182.45,2548,181.46,182.79,1.33
2025-03-26 09:14:46,XYZ,150.03,2087,149.17,150.58,1.41
2025-03-26 09:14:47,XYZ,158.61,6864,157.85,158.75,0.9
2025-03-26 09:14:48,XYZ,175.75,6395,175.3,175.92,0.62
2025-03-26 09:14:49,XYZ,189.16,3867,189.05,189.36,0.31
2025-03-26 09:14:50,XYZ,188.52,8874,188.37,188.77,0.4
2025-03-26 09:14:51,XYZ,122.28,3959,121.99,122.83,0.84
2025-03-26 09:14:52,XYZ,141.67,5120,140.91,141.9,0.99
2025-03-26 09:14:53,XYZ,147.15,698,147.01,147.39,0.38
2025-03-26 09:14:54,XYZ,139.41,3507,138.66,140.25,1.59
2025-03-26 09:14:55,XYZ,192.07,4255,191.25,192.66,1.41
2025-03-26 09:14:56,XYZ,191.0,6591,190.41,191.45,1.04
2025-03-26 09:14:57,XYZ,124.62,5982,123.64,125.3,1.66
2025-03-26 09:14:58,XYZ,140.92,3508,140.8,141.7,0.9
2025-03-26 09:14:59,XYZ,158.83,452,158.58,159.78,1.2
2025-03-26 09:15:00,XYZ,186.94,9490,186.2,187.31,1.11
2025-03-26 09:15:01,XYZ,137.95,2170,137.36,138.17,0.81
2025-03-26 09:15:02,XYZ,126.63,3726,125.98,126.83,0.85
2025-03-26 09:15:03,XYZ,196.65,1919,196.38,197.56,1.18
2025-03-26 09:15:04,XYZ,166.55,2017,166.08,167.08,1.0
2025-03-26 09:15:05,XYZ,132.17,1389,131.73,133.09,1.36
2025-03-26 09:15:06,XYZ,198.8,1031,198.15,199.21,1.06
2025-03-26 09:15:07,XYZ,150.53,3387,150.03,151.35,1.32
2025-03-26 09:15:08,XYZ,112.72,4811,111.78,113.32,1.54
2025-03-26 09:15:09,XYZ,106.52,6126,105.7,106.76,1.06
2025-03-26 09:15:10,XYZ,182.55,8895,181.6,183.24,1.64
2025-03-26 09:15:11,XYZ,154.41,3505,153.9,154.99,1.09
2025-03-26 09:15:12,XYZ,122.37,3378,121.61,123.11,1.5
2025-03-26 09:15:13,XYZ,145.76,8709,145.57,145.96,0.39
2025-03-26 09:15:14,XYZ,151.35,4189,150.82,151.73,0.91
2025-03-26 09:15:15,XYZ,194.08,3039,193.27,195.05,1.78
2025-03-26 09:15:16,XYZ,103.16,9331,102.28,104.15,1.87
2025-03-26 09:15:17,XYZ,133.14,2889,132.22,133.29,1.07
2025-03-26 09:15:18,XYZ,154.94,6813,154.1,155.62,1.52
2025-03-26 09:15:19,XYZ,130.03,1159,129.63,130.27,0.64
2025-03-26 09:15:20,XYZ,149.57,3506,149.35,150.0,0.65
2025-03-26 09:15:21,XYZ,113.27,4636,112.75,113.64,0.89
2025-03-26 09:15:22,XYZ,175.39,8281,175.15,176.3,1.15
2025-03-26 09:15:23,XYZ,105.02,3040,104.23,105.86,1.63
2025-03-26 09:15:24,XYZ,148.19,3461,147.19,148.72,1.53
2025-03-26 09:15:25,XYZ,173.7,1603,173.19,174.36,1.17
2025-03-26 09:15:26,XYZ,117.8,8085,117.43,118.75,1.32
2025-03-26 09:15:27,XYZ,102.56,2558,101.76,103.01,1.25
2025-03-26 09:15:28,XYZ,158.81,2065,158.48,159.12,0.64
2025-03-26 09:15:29,XYZ,155.38,4339,154.66,156.36,1.7
2025-03-26 09:15:30,XYZ,107.06,9349,106.9,107.81,0.91
2025-03-26 09:15:31,XYZ,159.52,469,159.06,159.79,0.73
2025-03-26 09:15:32,XYZ,161.06,3763,160.85,161.29,0.44
2025-03-26 09:15:33,XYZ,136.85,6177,136.19,137.08,0.89
2025-03-26 09:15:34,XYZ,186.34,2007,185.84,187.14,1.3
2025-03-26 09:15:35,XYZ,171.49,3383,171.25,172.49,1.24
2025-03-26 09:15:36,XYZ,106.9,7709,106.36,107.74,1.38
2025-03-26 09:15:37,XYZ,172.43,2888,171.76,172.83,1.07
2025-03-26 09:15:38,XYZ,113.14,7626,112.75,113.46,0.71
2025-03-26 09:15:39,XYZ,111.93,4754,111.48,112.16,0.68
2025-03-26 09:15:40,XYZ,125.42,9560,124.52,125.78,1.26
2025-03-26 09:15:41,XYZ,111.03,2804,110.47,111.6,1.13
2025-03-26 09:15:42,XYZ,133.08,5506,132.17,133.46,1.29
2025-03-26 09:15:43,XYZ,124.83,5984,123.87,125.81,1.94
2025-03-26 09:15:44,XYZ,149.76,4009,149.35,149.97,0.62
2025-03-26 09:15:45,XYZ,127.95,1310,127.25,128.12,0.87
2025-03-26 09:15:46,XYZ,162.34,7051,161.91,162.86,0.95
2025-03-26 09:15:47,XYZ,101.65,8726,101.26,102.09,0.83
2025-03-26 09:15:48,XYZ,103.89,2860,103.51,104.07,0.56
2025-03-26 09:15:49,XYZ,136.86,410,136.0,137.62,1.62
2025-03-26 09:15:50,XYZ,190.36,6917,189.77,190.65,0.88
2025-03-26 09:15:51,XYZ,171.48,6438,171.28,172.24,0.96
2025-03-26 09:15:52,XYZ,173.87,9551,173.0,174.61,1.61
2025-03-26 09:15:53,XYZ,114.89,2529,114.38,115.12,0.74
2025-03-26 09:15:54,XYZ,189.88,3562,189.44,190.64,1.2
2025-03-26 09:15:55,XYZ,166.88,4413,166.21,167.54,1.33
2025-03-26 09:15:56,XYZ,135.38,736,134.61,135.68,1.07
2025-03-26 09:15:57,XYZ,126.94,1388,126.54,127.51,0.97
2025-03-26 09:15:58,XYZ,172.98,5492,172.24,173.23,0.99
2025-03-26 09:15:59,XYZ,196.23,3211,195.6,197.09,1.49
2025-03-26 09:16:00,XYZ,174.16,7863,173.59,174.46,0.87
2025-03-26 09:16:01,XYZ,169.2,1489,168.94,169.32,0.38
2025-03-26 09:16:02,XYZ,182.2,4775,181.9,182.52,0.62
2025-03-26 09:16:03,XYZ,144.6,2502,144.24,144.85,0.61
2025-03-26 09:16:04,XYZ,196.32,7166,195.6,196.71,1.11
2025-03-26 09:16:05,XYZ,178.99,594,178.08,179.82,1.74
2025-03-26 09:16:06,XYZ,176.63,4452,176.33,177.13,0.8
2025-03-26 09:16:07,XYZ,158.07,250,157.32,158.97,1.65
2025-03-26 09:16:08,XYZ,189.08,7051,188.92,189.4,0.48
2025-03-26 09:16:09,XYZ,176.52,9679,176.37,176.72,0.35
2025-03-26 09:16:10,XYZ,162.45,3408,162.22,162.82,0.6
2025-03-26 09:16:11,XYZ,198.29,8496,197.54,199.15,1.61
2025-03-26 09:16:12,XYZ,153.68,856,153.52,154.1,0.58
2025-03-26 09:16:13,XYZ,108.22,3709,108.1,108.8,0.7
2025-03-26 09:16:14,XYZ,155.91,2304,155.67,156.43,0.76
2025-03-26 09:16:15,XYZ,171.0,8276,170.66,171.24,0.58
2025-03-26 09:16:16,XYZ,183.73,1735,183.17,184.63,1.46
2025-03-26 09:16:17,XYZ,105.18,291,104.49,105.94,1.45
2025-03-26 09:16:18,XYZ,156.45,712,156.21,157.13,0.92
2025-03-26 09:16:19,XYZ,173.22,7987,172.79,173.54,0.75
2025-03-26 09:16:20,XYZ,118.67,8293,118.39,118.78,0.39
2025-03-26 09:16:21,XYZ,148.77,8996,148.24,149.29,1.05
2025-03-26 09:16:22,XYZ,123.88,4330,123.23,124.23,1.0
2025-03-26 09:16:23,XYZ,144.75,3157,144.36,145.14,0.78
2025-03-26 09:16:24,XYZ,179.34,3954,178.76,179.95,1.19
2025-03-26 09:16:25,XYZ,117.53,7547,117.3,118.31,1.01
2025-03-26 09:16:26,XYZ,185.48,6605,185.21,185.98,0.77
2025-03-26 09:16:27,XYZ,173.58,8725,173.31,174.2,0.89
2025-03-26 09:16:28,XYZ,164.96,7994,164.28,165.38,1.1
2025-03-26 09:16:29,XYZ,180.68,8824,180.27,181.55,1.28
2025-03-26 09:16:30,XYZ,194.33,6131,193.49,194.77,1.28
2025-03-26 09:16:31,XYZ,118.5,5110,117.99,118.9,0.91
2025-03-26 09:16:32,XYZ,193.46,1289,192.73,193.87,1.14
2025-03-26 09:16:33,XYZ,169.76,7477,169.15,169.93,0.78
2025-03-26 09:16:34,XYZ,174.18,2725,173.81,175.16,1.35
2025-03-26 09:16:35,XYZ,110.8,4709,110.63,111.26,0.63
2025-03-26 09:16:36,XYZ,160.6,2884,160.21,161.16,0.95
2025-03-26 09:16:37,XYZ,133.25,2619,132.65,133.8,1.15
2025-03-26 09:16:38,XYZ,144.28,3629,143.43,144.95,1.52
2025-03-26 09:16:39,XYZ,197.04,6496,196.82,197.84,1.02
2025-03-26 09:16:40,XYZ,115.26,809,114.76,115.92,1.16
2025-03-26 09:16:41,XYZ,171.97,2788,171.61,172.22,0.61
2025-03-26 09:16:42,XYZ,108.32,7961,107.76,108.91,1.15
2025-03-26 09:16:43,XYZ,187.22,7942,186.23,187.87,1.64
2025-03-26 09:16:44,XYZ,197.26,3369,196.57,198.18,1.61
2025-03-26 09:16:45,XYZ,187.56,8845,187.44,187.68,0.24
2025-03-26 09:16:46,XYZ,196.36,9814,195.74,196.76,1.02
2025-03-26 09:16:47,XYZ,148.11,1386,147.64,148.65,1.01
2025-03-26 09:16:48,XYZ,162.87,1524,162.15,163.69,1.54
2025-03-26 09:16:49,XYZ,140.25,1589,139.41,140.61,1.2
2025-03-26 09:16:50,XYZ,166.35,9001,165.46,166.5,1.04
2025-03-26 09:16:51,XYZ,183.69,9183,183.0,184.63,1.63
2025-03-26 09:16:52,XYZ,119.46,5560,118.53,119.83,1.3
2025-03-26 09:16:53,XYZ,192.67,8568,192.13,193.4,1.27
2025-03-26 09:16:54,XYZ,125.65,5523,124.9,126.49,1.59
2025-03-26 09:16:55,XYZ,159.67,8998,158.97,160.62,1.65
2025-03-26 09:16:56,XYZ,197.09,4785,196.34,197.26,0.92
2025-03-26 09:16:57,XYZ,145.76,8990,145.1,145.94,0.84
2025-03-26 09:16:58,XYZ,111.79,8457,110.9,112.58,1.68
2025-03-26 09:16:59,XYZ,180.85,3794,180.51,181.59,1.08
2025-03-26 09:17:00,XYZ,107.73,881,107.63,108.38,0.75
2025-03-26 09:17:01,XYZ,142.27,5766,141.62,142.52,0.9
2025-03-26 09:17:02,XYZ,180.7,2060,179.96,181.34,1.38
2025-03-26 09:17:03,XYZ,189.36,8268,188.97,189.81,0.84
2025-03-26 09:17:04,XYZ,100.47,2230,100.2,101.14,0.94
2025-03-26 09:17:05,XYZ,113.5,6362,113.01,113.74,0.73
2025-03-26 09:17:06,XYZ,127.38,5837,127.27,127.54,0.27
2025-03-26 09:17:07,XYZ,158.82,8409,158.53,159.42,0.89
2025-03-26 09:17:08,XYZ,163.22,8580,162.75,164.03,1.28
2025-03-26 09:17:09,XYZ,167.52,5885,166.58,168.05,1.47
2025-03-26 09:17:10,XYZ,159.2,3168,158.87,159.42,0.55
2025-03-26 09:17:11,XYZ,125.61,7547,124.91,126.41,1.5
2025-03-26 09:17:12,XYZ,105.75,5825,104.75,106.29,1.54
2025-03-26 09:17:13,XYZ,150.68,6902,149.81,150.85,1.04
2025-03-26 09:17:14,XYZ,156.1,7824,155.17,156.85,1.68
2025-03-26 09:17:15,XYZ,100.87,5498,100.06,101.74,1.68
2025-03-26 09:17:16,XYZ,134.25,472,133.85,134.76,0.91
2025-03-26 09:17:17,XYZ,117.12,5072,117.0,117.71,0.71
2025-03-26 09:17:18,XYZ,188.99,8979,188.64,189.63,0.99
2025-03-26 09:17:19,XYZ,161.36,7483,161.23,162.19,0.96
2025-03-26 09:17:20,XYZ,112.87,4275,112.36,113.18,0.82
2025-03-26 09:17:21,XYZ,137.58,1208,137.26,138.33,1.07
2025-03-26 09:17:22,XYZ,163.99,9004,163.59,164.35,0.76
2025-03-26 09:17:23,XYZ,120.04,4270,119.55,121.02,1.47
2025-03-26 09:17:24,XYZ,159.97,518,159.29,160.12,0.83
2025-03-26 09:17:25,XYZ,158.44,934,157.73,158.95,1.22
2025-03-26 09:17:26,XYZ,170.97,1933,170.22,171.29,1.07
2025-03-26 09:17:27,XYZ,125.06,3183,124.58,125.64,1.06
2025-03-26 09:17:28,XYZ,136.35,2125,135.58,137.02,1.44
2025-03-26 09:17:29,XYZ,152.32,1691,151.5,152.8,1.3
2025-03-26 09:17:30,XYZ,164.58,8192,163.89,165.33,1.44
2025-03-26 09:17:31,XYZ,154.85,9912,154.06,155.83,1.77
2025-03-26 09:17:32,XYZ,177.58,7414,176.77,177.94,1.17
2025-03-26 09:17:33,XYZ,181.08,4840,180.68,181.95,1.27
2025-03-26 09:17:34,XYZ,145.08,6081,144.84,145.33,0.49
2025-03-26 09:17:35,XYZ,139.7,5158,138.89,139.97,1.08
2025-03-26 09:17:36,XYZ,131.4,6451,131.3,132.11,0.81
2025-03-26 09:17:37,XYZ,155.36,4808,154.79,155.97,1.18
2025-03-26 09:17:38,XYZ,178.89,7891,177.92,179.75,1.83
2025-03-26 09:17:39,XYZ,166.45,1624,165.58,167.41,1.83
2025-03-26 09:17:40,XYZ,150.51,9435,150.04,151.3,1.26
2025-03-26 09:17:41,XYZ,168.93,7755,168.62,169.59,0.97
2025-03-26 09:17:42,XYZ,179.39,554,179.22,180.38,1.16
2025-03-26 09:17:43,XYZ,117.57,4891,116.64,118.11,1.47
2025-03-26 09:17:44,XYZ,109.51,2000,109.27,109.95,0.68
2025-03-26 09:17:45,XYZ,122.6,7534,122.13,123.16,1.03
2025-03-26 09:17:46,XYZ,190.91,5735,190.51,191.51,1.0
2025-03-26 09:17:47,XYZ,152.62,9333,152.21,153.15,0.94
2025-03-26 09:17:48,XYZ,179.72,1441,178.87,180.12,1.25
2025-03-26 09:17:49,XYZ,138.33,3030,137.88,138.63,0.75
2025-03-26 09:17:50,XYZ,194.7,3196,193.87,195.26,1.39
2025-03-26 09:17:51,XYZ,195.73,8787,194.74,196.33,1.59
2025-03-26 09:17:52,XYZ,111.01,2927,110.7,111.25,0.55
2025-03-26 09:17:53,XYZ,112.99,7184,112.42,113.21,0.79
2025-03-26 09:17:54,XYZ,146.87,3663,146.29,147.06,0.77
2025-03-26 09:17:55,XYZ,101.24,6242,101.07,102.14,1.07
2025-03-26 09:17:56,XYZ,114.08,7050,113.12,114.3,1.18
2025-03-26 09:17:57,XYZ,113.44,6643,112.63,114.09,1.46
2025-03-26 09:17:58,XYZ,172.06,9122,171.76,172.97,1.21
2025-03-26 09:17:59,XYZ,145.31,9365,144.93,145.68,0.75
2025-03-26 09:18:00,XYZ,157.4,2868,156.62,157.57,0.95
2025-03-26 09:18:01,XYZ,169.45,5507,169.25,169.73,0.48
2025-03-26 09:18:02,XYZ,189.73,7987,189.04,190.38,1.34
2025-03-26 09:18:03,XYZ,181.1,542,180.94,181.72,0.78
2025-03-26 09:18:04,XYZ,121.05,5870,120.87,121.19,0.32
2025-03-26 09:18:05,XYZ,193.96,7666,193.7,194.08,0.38
2025-03-26 09:18:06,XYZ,194.26,3853,194.11,194.42,0.31
2025-03-26 09:18:07,XYZ,132.83,5333,132.59,133.19,0.6
2025-03-26 09:18:08,XYZ,139.25,5762,138.94,139.76,0.82
2025-03-26 09:18:09,XYZ,152.37,2161,151.5,153.0,1.5
2025-03-26 09:18:10,XYZ,157.55,3228,157.22,157.85,0.63
2025-03-26 09:18:11,XYZ,118.17,1365,117.91,118.46,0.55
2025-03-26 09:18:12,XYZ,177.03,8838,176.91,177.38,0.47
2025-03-26 09:18:13,XYZ,164.63,2044,164.5,164.92,0.42
2025-03-26 09:18:14,XYZ,119.75,4821,118.84,120.46,1.62
2025-03-26 09:18:15,XYZ,126.13,5979,125.93,126.52,0.59
2025-03-26 09:18:16,XYZ,186.12,8151,185.55,186.44,0.89
2025-03-26 09:18:17,XYZ,138.46,4039,138.02,138.83,0.81
2025-03-26 09:18:18,XYZ,105.57,742,104.88,105.79,0.91
2025-03-26 09:18:19,XYZ,110.14,4465,109.28,110.28,1.0
2025-03-26 09:18:20,XYZ,110.6,6461,109.83,111.57,1.74
2025-03-26 09:18:21,XYZ,168.22,1738,167.42,168.72,1.3
2025-03-26 09:18:22,XYZ,161.07,9619,160.94,162.03,1.09
2025-03-26 09:18:23,XYZ,145.55,5065,144.88,145.65,0.77
2025-03-26 09:18:24,XYZ,130.19,1721,129.93,130.82,0.89
2025-03-26 09:18:25,XYZ,111.42,6900,110.54,111.68,1.14
2025-03-26 09:18:26,XYZ,185.86,2130,185.33,186.47,1.14
2025-03-26 09:18:27,XYZ,172.59,3745,171.88,173.56,1.68
2025-03-26 09:18:28,XYZ,125.51,6192,125.06,126.09,1.03
2025-03-26 09:18:29,XYZ,168.43,5948,167.49,168.62,1.13
2025-03-26 09:18:30,XYZ,161.69,5674,161.36,162.01,0.65
2025-03-26 09:18:31,XYZ,151.19,4488,150.74,151.77,1.03
2025-03-26 09:18:32,XYZ,189.65,198,189.24,190.21,0.97
2025-03-26 09:18:33,XYZ,171.26,3993,170.77,172.19,1.42
2025-03-26 09:18:34,XYZ,110.51,4857,109.67,111.44,1.77
2025-03-26 09:18:35,XYZ,141.21,4246,140.88,142.06,1.18
2025-03-26 09:18:36,XYZ,153.17,9560,153.07,153.28,0.21
2025-03-26 09:18:37,XYZ,158.84,1388,157.91,159.26,1.35
2025-03-26 09:18:38,XYZ,101.49,1243,100.54,101.71,1.17
2025-03-26 09:18:39,XYZ,103.68,2078,102.9,104.13,1.23
2025-03-26 09:18:40,XYZ,139.9,8046,139.16,140.51,1.35
2025-03-26 09:18:41,XYZ,113.97,2048,113.14,114.54,1.4
2025-03-26 09:18:42,XYZ,114.28,2019,114.13,115.05,0.92
2025-03-26 09:18:43,XYZ,182.17,9595,181.28,182.41,1.13
2025-03-26 09:18:44,XYZ,129.07,6884,128.17,129.29,1.12
2025-03-26 09:18:45,XYZ,100.85,5018,100.62,101.5,0.88
2025-03-26 09:18:46,XYZ,188.79,4756,188.33,189.54,1.21
2025-03-26 09:18:47,XYZ,182.65,6443,182.02,183.54,1.52
2025-03-26 09:18:48,XYZ,178.95,8378,178.55,179.19,0.64
2025-03-26 09:18:49,XYZ,104.18,7377,103.32,104.89,1.57
2025-03-26 09:18:50,XYZ,195.24,9740,194.83,195.37,0.54
2025-03-26 09:18:51,XYZ,182.36,321,181.59,182.52,0.93
2025-03-26 09:18:52,XYZ,191.92,4393,191.46,192.33,0.87
2025-03-26 09:18:53,XYZ,197.76,7607,197.35,198.52,1.17
2025-03-26 09:18:54,XYZ,102.7,3211,101.8,102.85,1.05
2025-03-26 09:18:55,XYZ,172.94,8203,172.6,173.53,0.93
2025-03-26 09:18:56,XYZ,110.24,357,109.86,110.86,1.0
2025-03-26 09:18:57,XYZ,107.21,8566,106.38,107.96,1.58
2025-03-26 09:18:58,XYZ,151.76,637,150.98,152.37,1.39
2025-03-26 09:18:59,XYZ,166.2,9291,165.38,166.66,1.28
2025-03-26 09:19:00,XYZ,176.34,1981,175.57,176.87,1.3
2025-03-26 09:19:01,XYZ,122.85,1239,122.54,123.11,0.57
2025-03-26 09:19:02,XYZ,178.47,9021,177.64,178.71,1.07
2025-03-26 09:19:03,XYZ,169.27,1951,168.53,169.76,1.23
2025-03-26 09:19:04,XYZ,108.21,1339,107.3,108.85,1.55
2025-03-26 09:19:05,XYZ,195.51,3011,194.62,196.08,1.46
2025-03-26 09:19:06,XYZ,139.34,4434,138.48,139.63,1.15
2025-03-26 09:19:07,XYZ,186.72,8977,185.72,187.09,1.37
2025-03-26 09:19:08,XYZ,179.61,9116,178.66,180.47,1.81
2025-03-26 09:19:09,XYZ,132.73,8271,132.41,133.71,1.3
2025-03-26 09:19:10,XYZ,188.84,9507,188.67,189.29,0.62
2025-03-26 09:19:11,XYZ,152.48,2582,152.26,152.69,0.43
2025-03-26 09:19:12,XYZ,171.76,2465,171.58,172.5,0.92
2025-03-26 09:19:13,XYZ,149.47,9249,148.71,150.32,1.61
2025-03-26 09:19:14,XYZ,194.86,6598,194.5,195.48,0.98
2025-03-26 09:19:15,XYZ,179.96,8862,179.71,180.48,0.77
2025-03-26 09:19:16,XYZ,143.47,729,142.81,143.72,0.91
2025-03-26 09:19:17,XYZ,155.28,5400,154.36,155.77,1.41
2025-03-26 09:19:18,XYZ,183.51,2054,183.02,183.95,0.93
2025-03-26 09:19:19,XYZ,148.6,6232,148.33,149.38,1.05
2025-03-26 09:19:20,XYZ,187.77,2064,187.64,188.7,1.06
2025-03-26 09:19:21,XYZ,184.67,5448,184.05,184.79,0.74
2025-03-26 09:19:22,XYZ,145.87,6090,144.96,146.84,1.88
2025-03-26 09:19:23,XYZ,193.8,2632,193.2,194.46,1.26
2025-03-26 09:19:24,XYZ,103.51,1092,102.88,104.51,1.63
2025-03-26 09:19:25,XYZ,131.52,8479,131.19,131.7,0.51
2025-03-26 09:19:26,XYZ,138.24,7878,138.02,138.4,0.38
2025-03-26 09:19:27,XYZ,133.14,9354,132.22,133.54,1.32
2025-03-26 09:19:28,XYZ,143.78,4027,143.45,144.37,0.92
2025-03-26 09:19:29,XYZ,165.3,1566,164.42,165.88,1.46
2025-03-26 09:19:30,XYZ,136.45,7671,135.62,136.83,1.21
2025-03-26 09:19:31,XYZ,145.82,4772,145.44,146.43,0.99
2025-03-26 09:19:32,XYZ,140.95,7660,140.6,141.82,1.22
2025-03-26 09:19:33,XYZ,120.46,4525,119.52,121.31,1.79
2025-03-26 09:19:34,XYZ,175.55,5169,175.39,175.9,0.51
2025-03-26 09:19:35,XYZ,189.31,5686,188.54,189.71,1.17
2025-03-26 09:19:36,XYZ,176.81,3754,175.93,177.37,1.44
2025-03-26 09:19:37,XYZ,164.89,4028,163.99,165.67,1.68
2025-03-26 09:19:38,XYZ,184.2,1465,183.99,184.8,0.81
2025-03-26 09:19:39,XYZ,134.61,4114,133.66,135.54,1.88
2025-03-26 09:19:40,XYZ,151.59,4429,151.37,151.95,0.58
2025-03-26 09:19:41,XYZ,153.15,3347,152.93,153.83,0.9
2025-03-26 09:19:42,XYZ,146.03,434,145.13,146.83,1.7
2025-03-26 09:19:43,XYZ,137.32,1631,136.79,137.79,1.0
2025-03-26 09:19:44,XYZ,144.98,4506,144.23,145.68,1.45
2025-03-26 09:19:45,XYZ,142.44,9653,142.17,142.64,0.47
2025-03-26 09:19:46,XYZ,121.66,6927,121.19,122.59,1.4
2025-03-26 09:19:47,XYZ,131.42,3993,130.98,132.04,1.06
2025-03-26 09:19:48,XYZ,120.22,5911,119.94,120.67,0.73
2025-03-26 09:19:49,XYZ,141.0,4154,140.16,141.6,1.44
2025-03-26 09:19:50,XYZ,137.76,2792,137.52,138.26,0.74
2025-03-26 09:19:51,XYZ,147.17,8501,146.64,147.5,0.86
2025-03-26 09:19:52,XYZ,161.83,5574,161.38,162.23,0.85
2025-03-26 09:19:53,XYZ,185.31,4260,184.81,185.55,0.74
2025-03-26 09:19:54,XYZ,130.01,5984,129.28,130.76,1.48
2025-03-26 09:19:55,XYZ,175.56,8968,175.28,176.12,0.84
2025-03-26 09:19:56,XYZ,174.7,7099,174.54,175.33,0.79
2025-03-26 09:19:57,XYZ,132.86,5118,132.13,133.06,0.93
2025-03-26 09:19:58,XYZ,174.48,681,173.95,175.41,1.46
2025-03-26 09:19:59,XYZ,121.24,8639,120.54,121.7,1.16
2025-03-26 09:20:00,XYZ,173.41,8346,173.07,174.22,1.15
2025-03-26 09:20:01,XYZ,197.28,3374,197.12,197.61,0.49
2025-03-26 09:20:02,XYZ,100.31,4046,100.12,101.1,0.98
2025-03-26 09:20:03,XYZ,149.84,9347,148.99,150.55,1.56
2025-03-26 09:20:04,XYZ,197.45,4500,197.23,197.77,0.54
2025-03-26 09:20:05,XYZ,152.72,840,152.24,153.3,1.06
2025-03-26 09:20:06,XYZ,132.57,7099,131.76,133.57,1.81
2025-03-26 09:20:07,XYZ,105.9,3799,105.17,106.0,0.83
2025-03-26 09:20:08,XYZ,157.2,6711,157.09,157.96,0.87
2025-03-26 09:20:09,XYZ,159.86,5011,159.07,160.73,1.66
2025-03-26 09:20:10,XYZ,146.56,2598,146.39,146.94,0.55
2025-03-26 09:20:11,XYZ,127.25,1019,126.35,127.42,1.07
2025-03-26 09:20:12,XYZ,197.44,6268,197.1,197.7,0.6
2025-03-26 09:20:13,XYZ,147.93,3224,147.29,148.93,1.64
2025-03-26 09:20:14,XYZ,186.59,3667,186.39,187.01,0.62
2025-03-26 09:20:15,XYZ,151.32,3840,150.66,151.87,1.21
2025-03-26 09:20:16,XYZ,147.25,930,146.62,147.9,1.28
2025-03-26 09:20:17,XYZ,133.57,4696,132.71,134.35,1.64
2025-03-26 09:20:18,XYZ,134.91,933,134.14,135.21,1.07
2025-03-26 09:20:19,XYZ,138.51,4583,137.94,139.38,1.44
2025-03-26 09:20:20,XYZ,121.64,1504,121.0,122.06,1.06
2025-03-26 09:20:21,XYZ,175.79,8010,175.08,176.38,1.3
2025-03-26 09:20:22,XYZ,179.76,6369,179.48,180.61,1.13
2025-03-26 09:20:23,XYZ,140.46,3512,139.68,141.37,1.69
2025-03-26 09:20:24,XYZ,186.6,957,186.34,186.71,0.37
2025-03-26 09:20:25,XYZ,111.33,9577,110.81,111.62,0.81
2025-03-26 09:20:26,XYZ,153.44,8221,153.06,153.85,0.79
2025-03-26 09:20:27,XYZ,144.32,6663,144.19,144.7,0.51
2025-03-26 09:20:28,XYZ,108.08,2606,107.14,108.8,1.66
2025-03-26 09:20:29,XYZ,100.67,7788,100.38,101.48,1.1
2025-03-26 09:20:30,XYZ,191.45,2986,191.21,192.19,0.98
2025-03-26 09:20:31,XYZ,175.12,7618,174.78,175.7,0.92
2025-03-26 09:20:32,XYZ,159.74,8837,159.48,160.4,0.92
2025-03-26 09:20:33,XYZ,171.12,9498,170.81,171.86,1.05
2025-03-26 09:20:34,XYZ,188.23,9378,188.09,189.03,0.94
2025-03-26 09:20:35,XYZ,116.24,879,115.93,116.96,1.03
2025-03-26 09:20:36,XYZ,190.05,6802,189.62,190.61,0.99
2025-03-26 09:20:37,XYZ,134.78,133,134.14,135.3,1.16
2025-03-26 09:20:38,XYZ,119.56,3289,118.77,120.03,1.26
2025-03-26 09:20:39,XYZ,155.15,8736,154.73,155.27,0.54
2025-03-26 09:20:40,XYZ,141.76,5540,140.96,142.05,1.09
2025-03-26 09:20:41,XYZ,109.52,6074,109.16,109.81,0.65
2025-03-26 09:20:42,XYZ,170.34,2917,169.42,170.55,1.13
2025-03-26 09:20:43,XYZ,131.12,9425,130.33,132.07,1.74
2025-03-26 09:20:44,XYZ,186.52,8894,186.29,186.79,0.5
2025-03-26 09:20:45,XYZ,102.9,9193,102.33,103.66,1.33
2025-03-26 09:20:46,XYZ,147.86,3249,147.6,148.01,0.41
2025-03-26 09:20:47,XYZ,192.21,9847,191.69,192.56,0.87
2025-03-26 09:20:48,XYZ,117.41,470,117.27,117.66,0.39
2025-03-26 09:20:49,XYZ,101.98,7171,101.2,102.45,1.25
2025-03-26 09:20:50,XYZ,145.63,2996,144.99,146.2,1.21
2025-03-26 09:20:51,XYZ,177.31,1360,176.83,177.77,0.94
2025-03-26 09:20:52,XYZ,191.79,145,190.96,192.23,1.27
2025-03-26 09:20:53,XYZ,182.03,2966,181.73,183.01,1.28
2025-03-26 09:20:54,XYZ,101.16,4797,100.87,101.8,0.93
2025-03-26 09:20:55,XYZ,179.65,9000,179.44,180.03,0.59
2025-03-26 09:20:56,XYZ,192.58,6039,191.83,192.96,1.13
2025-03-26 09:20:57,XYZ,198.86,4514,198.73,199.75,1.02
2025-03-26 09:20:58,XYZ,102.44,2818,101.51,103.31,1.8
2025-03-26 09:20:59,XYZ,128.19,6368,127.77,128.56,0.79
2025-03-26 09:21:00,XYZ,197.84,9061,197.5,198.56,1.06
2025-03-26 09:21:01,XYZ,135.43,2275,134.65,135.58,0.93
2025-03-26 09:21:02,XYZ,150.88,3186,150.13,151.56,1.43
2025-03-26 09:21:03,XYZ,184.84,7892,184.66,185.23,0.57
2025-03-26 09:21:04,XYZ,176.38,5368,176.13,177.23,1.1
2025-03-26 09:21:05,XYZ,199.54,5167,199.28,199.71,0.43
2025-03-26 09:21:06,XYZ,125.96,3795,125.27,126.21,0.94
2025-03-26 09:21:07,XYZ,105.56,3198,104.81,106.38,1.57
2025-03-26 09:21:08,XYZ,153.9,7835,153.65,154.07,0.42
2025-03-26 09:21:09,XYZ,153.26,555,153.16,153.74,0.58
2025-03-26 09:21:10,XYZ,142.74,4615,142.23,143.68,1.45
2025-03-26 09:21:11,XYZ,106.07,8499,105.72,106.18,0.46
2025-03-26 09:21:12,XYZ,188.25,5220,187.89,188.65,0.76
2025-03-26 09:21:13,XYZ,114.12,5192,113.48,114.6,1.12
2025-03-26 09:21:14,XYZ,128.57,4042,128.23,129.52,1.29
2025-03-26 09:21:15,XYZ,185.63,395,184.88,186.51,1.63
2025-03-26 09:21:16,XYZ,139.84,6264,139.51,140.03,0.52
2025-03-26 09:21:17,XYZ,130.77,588,130.59,131.59,1.0
2025-03-26 09:21:18,XYZ,154.78,7722,154.6,155.32,0.72
2025-03-26 09:21:19,XYZ,150.51,1319,149.65,150.92,1.27
2025-03-26 09:21:20,XYZ,154.94,7153,154.34,155.91,1.57
2025-03-26 09:21:21,XYZ,111.29,2959,110.53,112.06,1.53
2025-03-26 09:21:22,XYZ,198.16,7967,198.0,198.64,0.64
2025-03-26 09:21:23,XYZ,180.04,4992,179.69,180.99,1.3
2025-03-26 09:21:24,XYZ,161.99,2053,161.83,162.13,0.3
2025-03-26 09:21:25,XYZ,147.91,4666,147.8,148.59,0.79
2025-03-26 09:21:26,XYZ,143.09,6650,142.19,143.52,1.33
2025-03-26 09:21:27,XYZ,147.5,8512,146.64,148.39,1.75
2025-03-26 09:21:28,XYZ,107.25,347,106.69,107.99,1.3
2025-03-26 09:21:29,XYZ,165.36,6828,164.47,166.33,1.86
2025-03-26 09:21:30,XYZ,179.88,6296,179.07,180.29,1.22
2025-03-26 09:21:31,XYZ,109.54,1719,109.1,109.71,0.61
2025-03-26 09:21:32,XYZ,197.31,4704,196.6,198.19,1.59
2025-03-26 09:21:33,XYZ,169.34,6898,168.37,170.04,1.67
2025-03-26 09:21:34,XYZ,113.38,8424,113.13,113.74,0.61
2025-03-26 09:21:35,XYZ,191.68,983,190.72,192.36,1.64
2025-03-26 09:21:36,XYZ,102.22,9961,101.9,102.73,0.83
2025-03-26 09:21:37,XYZ,156.18,3515,155.78,157.0,1.22
2025-03-26 09:21:38,XYZ,130.05,361,129.28,130.91,1.63
2025-03-26 09:21:39,XYZ,166.53,2656,166.2,166.78,0.58
2025-03-26 09:21:40,XYZ,149.77,7266,148.91,150.59,1.68
2025-03-26 09:21:41,XYZ,109.32,5424,108.49,110.07,1.58
2025-03-26 09:21:42,XYZ,186.05,6628,185.26,186.8,1.54
2025-03-26 09:21:43,XYZ,112.5,4518,112.29,113.17,0.88
2025-03-26 09:21:44,XYZ,123.3,9108,123.09,124.0,0.91
2025-03-26 09:21:45,XYZ,150.64,6041,150.5,150.98,0.48
2025-03-26 09:21:46,XYZ,167.15,8490,166.22,167.74,1.52
2025-03-26 09:21:47,XYZ,182.97,2572,182.42,183.94,1.52
2025-03-26 09:21:48,XYZ,176.86,3293,176.68,177.51,0.83
2025-03-26 09:21:49,XYZ,170.26,4459,170.13,171.05,0.92
2025-03-26 09:21:50,XYZ,197.33,3312,196.65,197.57,0.92
2025-03-26 09:21:51,XYZ,143.66,5326,142.89,144.45,1.56
2025-03-26 09:21:52,XYZ,100.17,9980,99.9,100.84,0.94
2025-03-26 09:21:53,XYZ,163.82,141,162.95,164.56,1.61
2025-03-26 09:21:54,XYZ,164.65,5366,163.67,165.3,1.63
2025-03-26 09:21:55,XYZ,132.32,5001,131.92,132.84,0.92
2025-03-26 09:21:56,XYZ,108.01,6277,107.19,108.82,1.63
2025-03-26 09:21:57,XYZ,184.54,9275,184.18,184.91,0.73
2025-03-26 09:21:58,XYZ,120.34,5969,119.46,121.02,1.56
2025-03-26 09:21:59,XYZ,121.97,4650,121.64,122.65,1.01
2025-03-26 09:22:00,XYZ,118.08,2048,117.5,119.04,1.54
2025-03-26 09:22:01,XYZ,183.45,5861,182.69,183.82,1.13
2025-03-26 09:22:02,XYZ,186.46,1978,186.2,186.85,0.65
2025-03-26 09:22:03,XYZ,141.17,5659,140.66,141.7,1.04
2025-03-26 09:22:04,XYZ,133.67,4440,133.12,134.35,1.23
2025-03-26 09:22:05,XYZ,180.15,8633,179.54,180.29,0.75
2025-03-26 09:22:06,XYZ,111.08,5693,110.2,111.67,1.47
2025-03-26 09:22:07,XYZ,198.61,818,198.21,199.3,1.09
2025-03-26 09:22:08,XYZ,164.16,9941,163.42,165.08,1.66
2025-03-26 09:22:09,XYZ,116.39,4391,116.24,117.06,0.82
2025-03-26 09:22:10,XYZ,143.08,9094,142.27,144.06,1.79
2025-03-26 09:22:11,XYZ,111.49,1461,110.61,112.29,1.68
2025-03-26 09:22:12,XYZ,128.25,8913,127.71,129.11,1.4
2025-03-26 09:22:13,XYZ,178.3,9036,177.91,179.12,1.21
2025-03-26 09:22:14,XYZ,153.28,7373,152.57,153.52,0.95
2025-03-26 09:22:15,XYZ,160.59,8123,159.9,161.14,1.24
2025-03-26 09:22:16,XYZ,169.59,5823,169.23,170.05,0.82
2025-03-26 09:22:17,XYZ,125.97,8257,125.17,126.15,0.98
2025-03-26 09:22:18,XYZ,145.79,194,144.9,146.69,1.79
2025-03-26 09:22:19,XYZ,154.37,8885,153.75,154.71,0.96
2025-03-26 09:22:20,XYZ,116.18,5045,115.61,117.16,1.55
2025-03-26 09:22:21,XYZ,198.73,2804,198.24,199.63,1.39
2025-03-26 09:22:22,XYZ,190.19,3734,189.91,190.53,0.62
2025-03-26 09:22:23,XYZ,162.07,3286,161.24,162.53,1.29
2025-03-26 09:22:24,XYZ,150.89,1466,150.35,151.35,1.0
2025-03-26 09:22:25,XYZ,124.53,3967,123.94,125.32,1.38
2025-03-26 09:22:26,XYZ,172.28,703,171.32,173.11,1.79
2025-03-26 09:22:27,XYZ,156.75,9313,156.61,157.71,1.1
2025-03-26 09:22:28,XYZ,164.3,6064,163.87,165.17,1.3
2025-03-26 09:22:29,XYZ,104.02,8261,103.2,104.7,1.5
2025-03-26 09:22:30,XYZ,183.18,1986,182.95,183.46,0.51
2025-03-26 09:22:31,XYZ,121.04,7252,120.61,121.93,1.32
2025-03-26 09:22:32,XYZ,191.61,3232,190.74,192.07,1.33
2025-03-26 09:22:33,XYZ,159.11,3963,158.21,159.69,1.48
2025-03-26 09:22:34,XYZ,127.39,8968,127.26,127.89,0.63
2025-03-26 09:22:35,XYZ,112.29,7423,112.18,112.87,0.69
2025-03-26 09:22:36,XYZ,124.28,9491,123.4,124.81,1.41
2025-03-26 09:22:37,XYZ,142.73,6703,141.9,143.6,1.7
2025-03-26 09:22:38,XYZ,103.79,2077,103.27,103.91,0.64
2025-03-26 09:22:39,XYZ,170.27,3352,169.81,170.47,0.66
2025-03-26 09:22:40,XYZ,124.3,7298,123.71,125.09,1.38
2025-03-26 09:22:41,XYZ,147.42,9880,147.24,147.76,0.52
2025-03-26 09:22:42,XYZ,173.63,9055,173.38,174.02,0.64
2025-03-26 09:22:43,XYZ,110.37,9525,109.52,110.9,1.38
2025-03-26 09:22:44,XYZ,161.97,1449,161.32,162.56,1.24
2025-03-26 09:22:45,XYZ,120.61,1735,119.9,120.91,1.01
2025-03-26 09:22:46,XYZ,181.66,9545,181.51,182.34,0.83
2025-03-26 09:22:47,XYZ,145.97,6761,145.86,146.12,0.26
2025-03-26 09:22:48,XYZ,129.75,1606,129.6,130.44,0.84
2025-03-26 09:22:49,XYZ,164.37,1515,164.2,165.17,0.97
2025-03-26 09:22:50,XYZ,179.24,834,178.81,180.0,1.19
2025-03-26 09:22:51,XYZ,198.04,733,197.36,198.56,1.2
2025-03-26 09:22:52,XYZ,191.02,7467,190.34,191.22,0.88
2025-03-26 09:22:53,XYZ,126.28,7982,126.08,127.15,1.07
2025-03-26 09:22:54,XYZ,116.0,9866,115.45,116.25,0.8
2025-03-26 09:22:55,XYZ,165.99,6803,165.75,166.62,0.87
2025-03-26 09:22:56,XYZ,198.46,3336,197.49,198.64,1.15
2025-03-26 09:22:57,XYZ,157.58,5281,157.42,158.11,0.69
2025-03-26 09:22:58,XYZ,155.06,8555,154.85,155.64,0.79
2025-03-26 09:22:59,XYZ,127.14,4749,126.21,127.98,1.77
2025-03-26 09:23:00,XYZ,144.2,8643,144.1,144.59,0.49
2025-03-26 09:23:01,XYZ,160.34,3603,159.86,160.86,1.0
2025-03-26 09:23:02,XYZ,147.0,5873,146.04,147.73,1.69
2025-03-26 09:23:03,XYZ,146.46,2094,145.74,146.65,0.91
2025-03-26 09:23:04,XYZ,143.5,6764,142.96,144.14,1.18
2025-03-26 09:23:05,XYZ,111.4,8725,110.9,111.69,0.79
2025-03-26 09:23:06,XYZ,183.74,8697,183.1,183.98,0.88
2025-03-26 09:23:07,XYZ,146.88,7008,146.09,147.68,1.59
2025-03-26 09:23:08,XYZ,109.78,5762,109.46,110.44,0.98
2025-03-26 09:23:09,XYZ,160.4,3627,160.13,161.14,1.01
2025-03-26 09:23:10,XYZ,141.16,3705,140.8,141.62,0.82
2025-03-26 09:23:11,XYZ,145.48,7367,144.99,146.03,1.04
2025-03-26 09:23:12,XYZ,100.95,9957,100.42,101.86,1.44
2025-03-26 09:23:13,XYZ,168.96,6402,168.2,169.17,0.97
2025-03-26 09:23:14,XYZ,111.62,3018,110.75,111.78,1.03
2025-03-26 09:23:15,XYZ,148.27,2638,148.11,148.86,0.75
2025-03-26 09:23:16,XYZ,189.87,8402,189.63,190.13,0.5
2025-03-26 09:23:17,XYZ,107.1,345,106.75,108.01,1.26
2025-03-26 09:23:18,XYZ,106.45,133,106.33,106.85,0.52
2025-03-26 09:23:19,XYZ,164.93,7498,164.33,165.28,0.95
2025-03-26 09:23:20,XYZ,172.59,1771,171.64,173.58,1.94
2025-03-26 09:23:21,XYZ,113.34,7086,113.22,113.46,0.24
2025-03-26 09:23:22,XYZ,124.25,7950,124.11,125.0,0.89
2025-03-26 09:23:23,XYZ,127.72,7094,127.46,128.28,0.82
2025-03-26 09:23:24,XYZ,138.94,8171,138.58,139.19,0.61
2025-03-26 09:23:25,XYZ,132.63,3343,131.96,133.48,1.52
2025-03-26 09:23:26,XYZ,134.64,6126,133.69,135.33,1.64
2025-03-26 09:23:27,XYZ,144.53,1251,144.2,145.1,0.9
2025-03-26 09:23:28,XYZ,142.77,4865,142.25,143.21,0.96
2025-03-26 09:23:29,XYZ,189.66,2244,189.52,190.59,1.07
2025-03-26 09:23:30,XYZ,108.18,8013,107.28,108.49,1.21
2025-03-26 09:23:31,XYZ,106.96,7781,105.98,107.35,1.37
2025-03-26 09:23:32,XYZ,164.29,9733,163.47,165.07,1.6
2025-03-26 09:23:33,XYZ,185.04,1011,184.45,185.39,0.94
2025-03-26 09:23:34,XYZ,156.98,5548,156.61,157.29,0.68
2025-03-26 09:23:35,XYZ,168.01,8607,167.09,168.3,1.21
2025-03-26 09:23:36,XYZ,118.39,8483,117.68,118.92,1.24
2025-03-26 09:23:37,XYZ,122.49,5237,122.21,123.22,1.01
2025-03-26 09:23:38,XYZ,169.22,9580,168.76,169.33,0.57
2025-03-26 09:23:39,XYZ,103.28,3282,103.11,103.96,0.85
2025-03-26 09:23:40,XYZ,127.66,9617,126.98,127.87,0.89
2025-03-26 09:23:41,XYZ,140.28,6239,140.02,141.04,1.02
2025-03-26 09:23:42,XYZ,174.63,5843,173.74,174.99,1.25
2025-03-26 09:23:43,XYZ,112.94,184,112.18,113.58,1.4
2025-03-26 09:23:44,XYZ,130.46,7371,129.94,131.08,1.14
2025-03-26 09:23:45,XYZ,159.2,2269,158.37,159.56,1.19
2025-03-26 09:23:46,XYZ,124.05,3072,123.46,124.96,1.5
2025-03-26 09:23:47,XYZ,156.26,6887,155.6,156.99,1.39
2025-03-26 09:23:48,XYZ,156.78,9879,156.42,157.32,0.9
2025-03-26 09:23:49,XYZ,110.62,7355,109.85,110.8,0.95
2025-03-26 09:23:50,XYZ,178.24,3196,178.11,178.48,0.37
2025-03-26 09:23:51,XYZ,128.77,5492,128.1,129.24,1.14
2025-03-26 09:23:52,XYZ,136.42,4604,136.27,136.91,0.64
2025-03-26 09:23:53,XYZ,186.28,2877,185.36,186.51,1.15
2025-03-26 09:23:54,XYZ,170.77,9473,170.35,171.05,0.7
2025-03-26 09:23:55,XYZ,152.06,4365,151.85,152.54,0.69
2025-03-26 09:23:56,XYZ,115.83,1344,115.01,116.62,1.61
2025-03-26 09:23:57,XYZ,133.7,6494,133.57,134.69,1.12
2025-03-26 09:23:58,XYZ,119.89,7713,119.69,120.65,0.96
2025-03-26 09:23:59,XYZ,193.42,5075,193.27,193.57,0.3
2025-03-26 09:24:00,XYZ,180.78,1700,180.05,181.32,1.27
2025-03-26 09:24:01,XYZ,166.34,5918,165.76,166.54,0.78
2025-03-26 09:24:02,XYZ,172.77,9491,171.8,173.29,1.49
2025-03-26 09:24:03,XYZ,118.88,7633,118.21,119.29,1.08
2025-03-26 09:24:04,XYZ,123.49,1611,123.25,124.33,1.08
2025-03-26 09:24:05,XYZ,165.98,5813,165.42,166.12,0.7
2025-03-26 09:24:06,XYZ,161.99,6367,161.48,162.63,1.15
2025-03-26 09:24:07,XYZ,173.32,9073,172.99,173.56,0.57
2025-03-26 09:24:08,XYZ,194.95,4343,194.42,195.44,1.02
2025-03-26 09:24:09,XYZ,129.14,1078,128.46,130.02,1.56
2025-03-26 09:24:10,XYZ,166.04,5011,165.39,166.86,1.47
2025-03-26 09:24:11,XYZ,105.52,8477,104.86,105.66,0.8
2025-03-26 09:24:12,XYZ,134.35,2767,133.49,134.92,1.43
2025-03-26 09:24:13,XYZ,151.03,9385,150.18,151.73,1.55
2025-03-26 09:24:14,XYZ,125.4,3305,124.93,126.15,1.22
2025-03-26 09:24:15,XYZ,123.66,2857,123.22,124.07,0.85
2025-03-26 09:24:16,XYZ,132.81,9400,131.98,133.81,1.83
2025-03-26 09:24:17,XYZ,133.8,1800,133.13,134.73,1.6
2025-03-26 09:24:18,XYZ,197.49,2004,196.69,197.83,1.14
2025-03-26 09:24:19,XYZ,174.5,9219,174.19,175.23,1.04
2025-03-26 09:24:20,XYZ,185.44,6113,185.04,185.78,0.74
2025-03-26 09:24:21,XYZ,126.75,7730,125.84,126.99,1.15
2025-03-26 09:24:22,XYZ,181.02,7888,180.11,181.46,1.35
2025-03-26 09:24:23,XYZ,156.64,6176,156.13,156.92,0.79
2025-03-26 09:24:24,XYZ,159.37,221,159.17,159.48,0.31
2025-03-26 09:24:25,XYZ,134.25,9252,133.84,134.71,0.87
2025-03-26 09:24:26,XYZ,145.31,107,145.1,145.5,0.4
2025-03-26 09:24:27,XYZ,192.84,3756,192.12,192.94,0.82
2025-03-26 09:24:28,XYZ,131.62,5211,130.97,132.45,1.48
2025-03-26 09:24:29,XYZ,156.02,1657,155.69,156.86,1.17
2025-03-26 09:24:30,XYZ,167.32,597,166.52,167.53,1.01
2025-03-26 09:24:31,XYZ,131.83,3651,131.12,131.98,0.86
2025-03-26 09:24:32,XYZ,190.82,7021,190.56,191.72,1.16
2025-03-26 09:24:33,XYZ,111.1,1744,110.43,111.6,1.17
2025-03-26 09:24:34,XYZ,101.55,521,101.38,102.37,0.99
2025-03-26 09:24:35,XYZ,105.65,6448,105.2,105.94,0.74
2025-03-26 09:24:36,XYZ,108.11,4681,107.96,108.42,0.46
2025-03-26 09:24:37,XYZ,118.42,1740,117.79,118.81,1.02
2025-03-26 09:24:38,XYZ,177.05,6503,176.39,177.55,1.16
2025-03-26 09:24:39,XYZ,114.82,7844,113.9,115.63,1.73
2025-03-26 09:24:40,XYZ,137.31,5548,136.54,138.06,1.52
2025-03-26 09:24:41,XYZ,160.18,291,159.21,160.49,1.28
2025-03-26 09:24:42,XYZ,155.03,4911,154.39,155.68,1.29
2025-03-26 09:24:43,XYZ,116.02,269,115.5,116.64,1.14
2025-03-26 09:24:44,XYZ,189.87,4843,189.56,190.78,1.22
2025-03-26 09:24:45,XYZ,154.57,3685,154.47,154.79,0.32
2025-03-26 09:24:46,XYZ,107.7,1541,107.26,107.93,0.67
2025-03-26 09:24:47,XYZ,104.32,7829,103.86,104.66,0.8
2025-03-26 09:24:48,XYZ,125.31,9018,124.46,125.63,1.17
2025-03-26 09:24:49,XYZ,146.09,9458,145.76,146.72,0.96
2025-03-26 09:24:50,XYZ,111.23,3048,110.4,111.7,1.3
2025-03-26 09:24:51,XYZ,192.66,8391,191.74,193.45,1.71
2025-03-26 09:24:52,XYZ,157.45,2740,156.79,158.14,1.35
2025-03-26 09:24:53,XYZ,187.06,894,186.84,187.21,0.37
2025-03-26 09:24:54,XYZ,193.9,3165,193.64,194.46,0.82
2025-03-26 09:24:55,XYZ,190.01,2380,189.35,190.2,0.85
2025-03-26 09:24:56,XYZ,134.1,6099,133.17,134.23,1.06
2025-03-26 09:24:57,XYZ,175.21,802,174.85,175.59,0.74
2025-03-26 09:24:58,XYZ,182.85,6724,182.58,183.34,0.76
2025-03-26 09:24:59,XYZ,109.37,8257,108.74,110.23,1.49
2025-03-26 09:25:00,XYZ,107.16,6300,106.95,107.33,0.38
2025-03-26 09:25:01,XYZ,150.29,4397,149.33,150.52,1.19
2025-03-26 09:25:02,XYZ,189.26,4125,188.49,189.67,1.18
2025-03-26 09:25:03,XYZ,193.7,2371,192.7,194.26,1.56
2025-03-26 09:25:04,XYZ,110.81,931,110.64,111.78,1.14
2025-03-26 09:25:05,XYZ,148.84,2114,148.61,149.71,1.1
2025-03-26 09:25:06,XYZ,172.77,8491,172.2,173.44,1.24
2025-03-26 09:25:07,XYZ,123.54,1402,122.56,123.99,1.43
2025-03-26 09:25:08,XYZ,161.37,1735,160.4,161.77,1.37
2025-03-26 09:25:09,XYZ,116.17,1025,115.82,116.48,0.66
2025-03-26 09:25:10,XYZ,113.63,3679,112.98,114.13,1.15
2025-03-26 09:25:11,XYZ,171.48,9981,170.79,172.17,1.38
2025-03-26 09:25:12,XYZ,165.86,2562,165.4,166.6,1.2
2025-03-26 09:25:13,XYZ,177.5,5014,177.18,178.21,1.03
2025-03-26 09:25:14,XYZ,102.9,2603,102.3,103.0,0.7
2025-03-26 09:25:15,XYZ,187.81,1587,187.18,188.26,1.08
2025-03-26 09:25:16,XYZ,148.66,9376,147.98,148.96,0.98
2025-03-26 09:25:17,XYZ,181.5,9551,181.09,182.33,1.24
2025-03-26 09:25:18,XYZ,170.23,3390,169.68,170.71,1.03
2025-03-26 09:25:19,XYZ,178.1,6379,177.99,179.0,1.01
2025-03-26 09:25:20,XYZ,113.01,1269,112.12,113.71,1.59
2025-03-26 09:25:21,XYZ,123.61,1980,123.29,124.19,0.9
2025-03-26 09:25:22,XYZ,162.64,3541,162.01,163.53,1.52
2025-03-26 09:25:23,XYZ,194.83,1950,194.52,195.82,1.3
2025-03-26 09:25:24,XYZ,162.52,5935,162.28,162.72,0.44
2025-03-26 09:25:25,XYZ,151.47,8000,150.88,151.8,0.92
2025-03-26 09:25:26,XYZ,198.46,237,198.18,199.43,1.25
2025-03-26 09:25:27,XYZ,151.07,721,150.87,151.67,0.8
2025-03-26 09:25:28,XYZ,166.48,8618,165.71,166.63,0.92
2025-03-26 09:25:29,XYZ,188.2,2381,188.02,188.83,0.81
2025-03-26 09:25:30,XYZ,194.67,6951,193.85,195.45,1.6
2025-03-26 09:25:31,XYZ,187.67,6204,187.27,187.8,0.53
2025-03-26 09:25:32,XYZ,160.19,3365,159.46,160.4,0.94
2025-03-26 09:25:33,XYZ,130.62,2803,130.12,131.43,1.31
2025-03-26 09:25:34,XYZ,192.44,9347,191.69,193.25,1.56
2025-03-26 09:25:35,XYZ,156.76,8687,155.91,157.72,1.81
2025-03-26 09:25:36,XYZ,170.63,3175,169.87,170.97,1.1
2025-03-26 09:25:37,XYZ,181.31,3862,181.19,181.56,0.37
2025-03-26 09:25:38,XYZ,155.2,3987,154.88,155.44,0.56
2025-03-26 09:25:39,XYZ,177.02,2394,176.6,177.73,1.13
2025-03-26 09:25:40,XYZ,109.3,8406,108.47,109.66,1.19
2025-03-26 09:25:41,XYZ,153.22,6184,152.64,153.4,0.76
2025-03-26 09:25:42,XYZ,189.24,2046,189.01,190.06,1.05
2025-03-26 09:25:43,XYZ,146.08,2973,145.15,146.4,1.25
2025-03-26 09:25:44,XYZ,126.37,8741,125.54,127.04,1.5
2025-03-26 09:25:45,XYZ,157.78,5214,157.36,158.44,1.08
2025-03-26 09:25:46,XYZ,194.05,3273,193.21,194.93,1.72
2025-03-26 09:25:47,XYZ,173.08,2185,172.96,173.98,1.02
2025-03-26 09:25:48,XYZ,101.52,7077,101.22,101.96,0.74
2025-03-26 09:25:49,XYZ,100.9,1589,99.91,101.27,1.36
2025-03-26 09:25:50,XYZ,147.53,9430,147.42,148.21,0.79
2025-03-26 09:25:51,XYZ,130.42,2271,129.57,131.14,1.57
2025-03-26 09:25:52,XYZ,113.47,6666,112.82,114.47,1.65
2025-03-26 09:25:53,XYZ,172.85,2447,172.09,172.97,0.88
2025-03-26 09:25:54,XYZ,187.35,571,186.82,188.12,1.3
2025-03-26 09:25:55,XYZ,106.58,1629,106.1,106.79,0.69
2025-03-26 09:25:56,XYZ,108.19,3403,107.8,108.64,0.84
2025-03-26 09:25:57,XYZ,183.81,5758,183.1,184.69,1.59
2025-03-26 09:25:58,XYZ,187.39,6927,186.72,188.33,1.61
2025-03-26 09:25:59,XYZ,106.1,5771,105.74,106.38,0.64
2025-03-26 09:26:00,XYZ,160.88,3349,160.69,161.33,0.64
2025-03-26 09:26:01,XYZ,131.69,842,131.39,132.55,1.16
2025-03-26 09:26:02,XYZ,132.39,5327,131.66,132.52,0.86
2025-03-26 09:26:03,XYZ,196.59,2211,195.65,197.14,1.49
2025-03-26 09:26:04,XYZ,139.91,1867,139.64,140.14,0.5
2025-03-26 09:26:05,XYZ,163.93,3060,163.79,164.43,0.64
2025-03-26 09:26:06,XYZ,188.83,7373,188.65,189.72,1.07
2025-03-26 09:26:07,XYZ,139.52,9233,139.36,140.1,0.74
2025-03-26 09:26:08,XYZ,146.29,1714,145.68,146.69,1.01
2025-03-26 09:26:09,XYZ,107.31,9043,107.02,108.18,1.16
2025-03-26 09:26:10,XYZ,102.53,1316,102.14,102.96,0.82
2025-03-26 09:26:11,XYZ,186.08,7795,185.26,186.54,1.28
2025-03-26 09:26:12,XYZ,157.99,2359,157.42,158.77,1.35
2025-03-26 09:26:13,XYZ,137.24,8609,136.6,138.21,1.61
2025-03-26 09:26:14,XYZ,187.18,419,186.33,187.59,1.26
2025-03-26 09:26:15,XYZ,165.21,8428,165.07,165.53,0.46
2025-03-26 09:26:16,XYZ,129.46,702,128.52,130.15,1.63
2025-03-26 09:26:17,XYZ,195.1,1235,194.64,196.1,1.46
2025-03-26 09:26:18,XYZ,148.92,125,147.95,149.91,1.96
2025-03-26 09:26:19,XYZ,126.4,2780,125.51,127.28,1.77
2025-03-26 09:26:20,XYZ,158.05,7157,157.46,158.26,0.8
2025-03-26 09:26:21,XYZ,121.98,2744,121.7,122.16,0.46
2025-03-26 09:26:22,XYZ,105.07,6603,104.81,105.34,0.53
2025-03-26 09:26:23,XYZ,102.18,1999,101.99,103.07,1.08
2025-03-26 09:26:24,XYZ,173.72,9214,172.99,174.26,1.27
2025-03-26 09:26:25,XYZ,190.4,9264,189.41,191.04,1.63
2025-03-26 09:26:26,XYZ,156.64,1833,156.27,157.44,1.17
2025-03-26 09:26:27,XYZ,167.74,5911,166.93,168.43,1.5
2025-03-26 09:26:28,XYZ,118.21,4219,117.21,119.2,1.99
2025-03-26 09:26:29,XYZ,121.51,3444,120.57,122.42,1.85
2025-03-26 09:26:30,XYZ,122.92,3886,122.58,123.72,1.14
2025-03-26 09:26:31,XYZ,141.18,8217,140.22,142.01,1.79
2025-03-26 09:26:32,XYZ,174.15,4672,173.57,174.32,0.75
2025-03-26 09:26:33,XYZ,179.31,6288,178.33,179.48,1.15
2025-03-26 09:26:34,XYZ,156.37,5907,155.42,156.83,1.41
2025-03-26 09:26:35,XYZ,130.93,924,130.09,131.51,1.42
2025-03-26 09:26:36,XYZ,181.61,5309,181.0,182.05,1.05
2025-03-26 09:26:37,XYZ,125.96,2759,125.84,126.91,1.07
2025-03-26 09:26:38,XYZ,136.25,8051,136.09,137.15,1.06
2025-03-26 09:26:39,XYZ,112.98,1452,112.13,113.5,1.37
2025-03-26 09:26:40,XYZ,172.42,3826,171.82,172.79,0.97
2025-03-26 09:26:41,XYZ,185.82,7794,185.43,186.49,1.06
2025-03-26 09:26:42,XYZ,172.92,8064,172.56,173.21,0.65
2025-03-26 09:26:43,XYZ,127.64,4394,126.97,128.13,1.16
2025-03-26 09:26:44,XYZ,165.49,1438,164.78,166.47,1.69
2025-03-26 09:26:45,XYZ,140.68,5990,139.73,141.1,1.37
2025-03-26 09:26:46,XYZ,139.15,3149,138.54,139.89,1.35
2025-03-26 09:26:47,XYZ,124.39,6249,123.58,125.25,1.67
2025-03-26 09:26:48,XYZ,120.15,4288,119.79,120.63,0.84
2025-03-26 09:26:49,XYZ,152.37,206,152.06,153.37,1.31
2025-03-26 09:26:50,XYZ,177.14,1684,176.66,177.3,0.64
2025-03-26 09:26:51,XYZ,189.93,5112,189.13,190.93,1.8
2025-03-26 09:26:52,XYZ,181.94,2244,181.57,182.61,1.04
2025-03-26 09:26:53,XYZ,113.07,774,112.43,113.55,1.12
2025-03-26 09:26:54,XYZ,120.65,119,120.09,121.41,1.32
2025-03-26 09:26:55,XYZ,185.64,2692,184.97,185.92,0.95
2025-03-26 09:26:56,XYZ,123.77,1433,123.31,124.24,0.93
2025-03-26 09:26:57,XYZ,132.27,1583,131.5,133.23,1.73
2025-03-26 09:26:58,XYZ,194.38,795,193.89,195.16,1.27
2025-03-26 09:26:59,XYZ,141.31,3769,141.03,141.54,0.51
2025-03-26 09:27:00,XYZ,129.53,5510,129.25,130.23,0.98
2025-03-26 09:27:01,XYZ,115.65,3939,115.42,116.11,0.69
2025-03-26 09:27:02,XYZ,169.72,6383,169.25,170.61,1.36
2025-03-26 09:27:03,XYZ,190.03,2594,189.84,191.01,1.17
2025-03-26 09:27:04,XYZ,101.16,8729,100.99,101.67,0.68
2025-03-26 09:27:05,XYZ,160.76,7221,159.77,161.06,1.29
2025-03-26 09:27:06,XYZ,101.94,4842,101.63,102.53,0.9
2025-03-26 09:27:07,XYZ,122.64,4442,121.66,123.32,1.66
2025-03-26 09:27:08,XYZ,162.11,3890,161.54,162.31,0.77
2025-03-26 09:27:09,XYZ,164.4,962,164.07,165.03,0.96
2025-03-26 09:27:10,XYZ,171.78,6263,170.97,172.66,1.69
2025-03-26 09:27:11,XYZ,196.85,7026,196.75,197.46,0.71
2025-03-26 09:27:12,XYZ,110.29,6041,109.74,111.09,1.35
2025-03-26 09:27:13,XYZ,185.48,8679,185.28,185.7,0.42
2025-03-26 09:27:14,XYZ,127.58,2924,126.74,128.1,1.36
2025-03-26 09:27:15,XYZ,143.1,3209,142.28,143.4,1.12
2025-03-26 09:27:16,XYZ,113.45,5575,112.92,114.36,1.44
2025-03-26 09:27:17,XYZ,105.89,5151,104.97,106.35,1.38
2025-03-26 09:27:18,XYZ,127.91,4296,127.05,128.44,1.39
2025-03-26 09:27:19,XYZ,178.3,5470,177.83,178.75,0.92
2025-03-26 09:27:20,XYZ,156.49,7934,156.13,156.91,0.78
2025-03-26 09:27:21,XYZ,191.86,5977,191.66,192.71,1.05
2025-03-26 09:27:22,XYZ,106.79,8064,105.97,107.76,1.79
2025-03-26 09:27:23,XYZ,132.25,1113,131.45,133.07,1.62
2025-03-26 09:27:24,XYZ,131.82,9497,131.07,132.67,1.6
2025-03-26 09:27:25,XYZ,145.93,7429,145.47,146.69,1.22
2025-03-26 09:27:26,XYZ,197.85,734,197.21,198.34,1.13
2025-03-26 09:27:27,XYZ,140.65,6376,139.78,141.59,1.81
2025-03-26 09:27:28,XYZ,134.43,1238,133.55,135.14,1.59
2025-03-26 09:27:29,XYZ,157.22,4991,156.45,157.38,0.93
2025-03-26 09:27:30,XYZ,122.93,1325,122.42,123.22,0.8
2025-03-26 09:27:31,XYZ,129.99,9758,129.1,130.9,1.8
2025-03-26 09:27:32,XYZ,105.67,2110,105.27,106.27,1.0
2025-03-26 09:27:33,XYZ,199.78,4192,199.67,200.72,1.05
2025-03-26 09:27:34,XYZ,183.74,2994,182.75,184.62,1.87
2025-03-26 09:27:35,XYZ,171.84,9260,171.42,172.56,1.14
2025-03-26 09:27:36,XYZ,156.73,3457,155.89,156.97,1.08
2025-03-26 09:27:37,XYZ,160.57,2740,160.35,160.73,0.38
2025-03-26 09:27:38,XYZ,182.92,1697,182.16,183.26,1.1
2025-03-26 09:27:39,XYZ,146.61,4643,145.86,146.99,1.13
2025-03-26 09:27:40,XYZ,113.17,108,112.77,113.51,0.74
2025-03-26 09:27:41,XYZ,110.9,8586,110.26,111.16,0.9
2025-03-26 09:27:42,XYZ,184.89,474,184.23,185.09,0.86
2025-03-26 09:27:43,XYZ,108.8,5276,108.14,109.05,0.91
2025-03-26 09:27:44,XYZ,147.39,4523,146.72,148.1,1.38
2025-03-26 09:27:45,XYZ,134.41,7296,134.16,135.03,0.87
2025-03-26 09:27:46,XYZ,150.14,6247,149.6,150.73,1.13
2025-03-26 09:27:47,XYZ,105.25,9837,104.63,105.73,1.1
2025-03-26 09:27:48,XYZ,181.88,4789,181.66,182.86,1.2
2025-03-26 09:27:49,XYZ,150.6,3911,150.09,151.21,1.12
2025-03-26 09:27:50,XYZ,118.08,1475,117.54,118.18,0.64
2025-03-26 09:27:51,XYZ,179.15,2901,178.69,179.28,0.59
2025-03-26 09:27:52,XYZ,199.16,5456,198.89,199.39,0.5
2025-03-26 09:27:53,XYZ,182.22,2247,181.44,183.07,1.63
2025-03-26 09:27:54,XYZ,131.96,6698,131.34,132.76,1.42
2025-03-26 09:27:55,XYZ,121.06,1689,120.16,122.05,1.89
2025-03-26 09:27:56,XYZ,139.0,4259,138.83,139.49,0.66
2025-03-26 09:27:57,XYZ,171.51,2842,170.84,172.44,1.6
2025-03-26 09:27:58,XYZ,136.08,7567,135.21,137.05,1.84
2025-03-26 09:27:59,XYZ,157.78,9120,157.15,158.43,1.28
2025-03-26 09:28:00,XYZ,116.77,4990,116.5,117.63,1.13
2025-03-26 09:28:01,XYZ,177.27,1415,176.93,177.56,0.63
2025-03-26 09:28:02,XYZ,114.8,4639,114.15,115.41,1.26
2025-03-26 09:28:03,XYZ,183.33,2386,182.46,184.25,1.79
2025-03-26 09:28:04,XYZ,185.59,9995,184.76,186.34,1.58
2025-03-26 09:28:05,XYZ,137.46,8566,136.87,137.64,0.77
2025-03-26 09:28:06,XYZ,134.88,8680,133.92,135.03,1.11
2025-03-26 09:28:07,XYZ,106.01,4908,105.19,106.65,1.46
2025-03-26 09:28:08,XYZ,121.08,9550,120.56,121.95,1.39
2025-03-26 09:28:09,XYZ,162.77,2389,162.36,162.93,0.57
2025-03-26 09:28:10,XYZ,109.11,6037,108.19,110.1,1.91
2025-03-26 09:28:11,XYZ,159.97,6902,159.86,160.46,0.6
2025-03-26 09:28:12,XYZ,180.52,9183,180.28,181.47,1.19
2025-03-26 09:28:13,XYZ,104.57,7692,103.75,105.56,1.81
2025-03-26 09:28:14,XYZ,117.37,7091,116.44,117.54,1.1
2025-03-26 09:28:15,XYZ,142.9,1728,142.58,143.82,1.24
2025-03-26 09:28:16,XYZ,102.85,7773,102.1,103.16,1.06
2025-03-26 09:28:17,XYZ,176.68,3005,176.51,177.17,0.66
2025-03-26 09:28:18,XYZ,122.02,838,121.72,122.4,0.68
2025-03-26 09:28:19,XYZ,134.01,3450,133.78,134.41,0.63
2025-03-26 09:28:20,XYZ,162.42,2680,161.52,163.08,1.56
2025-03-26 09:28:21,XYZ,103.89,9359,103.19,104.29,1.1
2025-03-26 09:28:22,XYZ,178.82,5855,178.18,179.19,1.01
2025-03-26 09:28:23,XYZ,160.93,6854,160.39,161.75,1.36
2025-03-26 09:28:24,XYZ,192.44,1015,192.31,192.6,0.29
2025-03-26 09:28:25,XYZ,142.8,7857,142.21,143.2,0.99
2025-03-26 09:28:26,XYZ,183.58,2744,182.79,184.35,1.56
2025-03-26 09:28:27,XYZ,124.25,3479,123.69,125.21,1.52
2025-03-26 09:28:28,XYZ,189.83,7240,189.64,190.44,0.8
2025-03-26 09:28:29,XYZ,157.31,1651,156.74,157.44,0.7
2025-03-26 09:28:30,XYZ,141.86,5263,141.14,142.66,1.52
2025-03-26 09:28:31,XYZ,137.33,6575,136.86,138.0,1.14
2025-03-26 09:28:32,XYZ,189.82,7165,188.99,190.51,1.52
2025-03-26 09:28:33,XYZ,160.93,7298,160.36,161.37,1.01
2025-03-26 09:28:34,XYZ,128.21,4152,127.4,128.54,1.14
2025-03-26 09:28:35,XYZ,191.14,351,190.32,191.5,1.18
2025-03-26 09:28:36,XYZ,199.06,3267,198.51,199.92,1.41
2025-03-26 09:28:37,XYZ,102.29,5245,101.88,103.13,1.25
2025-03-26 09:28:38,XYZ,127.91,6764,127.05,128.34,1.29
2025-03-26 09:28:39,XYZ,102.63,4665,101.71,103.52,1.81
2025-03-26 09:28:40,XYZ,190.96,8822,190.79,191.8,1.01
2025-03-26 09:28:41,XYZ,155.4,8173,154.41,155.79,1.38
2025-03-26 09:28:42,XYZ,118.7,8156,117.96,119.59,1.63
2025-03-26 09:28:43,XYZ,199.77,3321,198.88,200.52,1.64
2025-03-26 09:28:44,XYZ,166.76,7501,165.79,167.32,1.53
2025-03-26 09:28:45,XYZ,118.83,5075,118.15,119.76,1.61
2025-03-26 09:28:46,XYZ,133.98,9800,133.69,134.37,0.68
2025-03-26 09:28:47,XYZ,171.26,5763,171.01,172.19,1.18
2025-03-26 09:28:48,XYZ,148.4,2614,147.64,149.12,1.48
2025-03-26 09:28:49,XYZ,137.26,2919,136.55,137.94,1.39
2025-03-26 09:28:50,XYZ,156.3,6424,156.1,156.89,0.79
2025-03-26 09:28:51,XYZ,186.48,3808,185.53,187.07,1.54
2025-03-26 09:28:52,XYZ,116.82,6821,115.91,117.07,1.16
2025-03-26 09:28:53,XYZ,147.2,6710,146.87,147.48,0.61
2025-03-26 09:28:54,XYZ,128.71,5041,128.12,129.22,1.1
2025-03-26 09:28:55,XYZ,180.87,5064,179.94,181.33,1.39
2025-03-26 09:28:56,XYZ,164.18,1746,164.0,164.81,0.81
2025-03-26 09:28:57,XYZ,147.09,8212,146.33,147.52,1.19
2025-03-26 09:28:58,XYZ,129.64,5684,129.31,130.26,0.95
2025-03-26 09:28:59,XYZ,188.76,9407,188.05,189.47,1.42
2025-03-26 09:29:00,XYZ,123.75,1731,122.83,124.1,1.27
2025-03-26 09:29:01,XYZ,176.74,4088,175.94,177.06,1.12
2025-03-26 09:29:02,XYZ,131.79,4774,131.15,132.1,0.95
2025-03-26 09:29:03,XYZ,147.52,5068,146.58,147.86,1.28
2025-03-26 09:29:04,XYZ,121.69,3595,120.71,122.41,1.7
2025-03-26 09:29:05,XYZ,194.88,756,194.44,195.12,0.68
2025-03-26 09:29:06,XYZ,188.95,531,188.42,189.1,0.68
2025-03-26 09:29:07,XYZ,182.14,9746,181.66,182.75,1.09
2025-03-26 09:29:08,XYZ,177.74,9865,176.79,178.35,1.56
2025-03-26 09:29:09,XYZ,194.54,9484,193.58,194.75,1.17
2025-03-26 09:29:10,XYZ,118.28,4570,117.56,119.0,1.44
2025-03-26 09:29:11,XYZ,167.6,804,167.43,167.78,0.35
2025-03-26 09:29:12,XYZ,115.8,926,115.11,116.72,1.61
2025-03-26 09:29:13,XYZ,119.13,5298,118.19,119.4,1.21
2025-03-26 09:29:14,XYZ,139.84,5705,139.7,140.0,0.3
2025-03-26 09:29:15,XYZ,121.42,4322,121.14,121.63,0.49
2025-03-26 09:29:16,XYZ,144.66,7037,144.23,145.45,1.22
2025-03-26 09:29:17,XYZ,118.62,5026,117.88,119.4,1.52
2025-03-26 09:29:18,XYZ,166.86,5047,166.59,167.51,0.92
2025-03-26 09:29:19,XYZ,138.03,2329,137.53,138.44,0.91
2025-03-26 09:29:20,XYZ,124.63,6515,124.22,124.73,0.51
2025-03-26 09:29:21,XYZ,140.89,7530,140.23,141.08,0.85
2025-03-26 09:29:22,XYZ,111.83,8765,111.29,112.61,1.32
2025-03-26 09:29:23,XYZ,176.28,852,175.8,176.39,0.59
2025-03-26 09:29:24,XYZ,112.15,8166,111.44,112.66,1.22
2025-03-26 09:29:25,XYZ,142.09,3488,141.83,142.41,0.58
2025-03-26 09:29:26,XYZ,196.96,7295,196.58,197.18,0.6
2025-03-26 09:29:27,XYZ,123.57,4080,122.96,124.17,1.21
2025-03-26 09:29:28,XYZ,175.47,6736,175.28,175.94,0.66
2025-03-26 09:29:29,XYZ,104.67,6023,103.93,104.82,0.89
2025-03-26 09:29:30,XYZ,152.42,7657,151.81,153.29,1.48
2025-03-26 09:29:31,XYZ,195.08,8331,194.79,196.08,1.29
2025-03-26 09:29:32,XYZ,144.24,5083,143.7,144.87,1.17
2025-03-26 09:29:33,XYZ,182.41,2370,181.81,183.25,1.44
2025-03-26 09:29:34,XYZ,112.6,3378,111.74,113.48,1.74
2025-03-26 09:29:35,XYZ,140.94,4549,140.1,141.59,1.49
2025-03-26 09:29:36,XYZ,164.86,6564,164.28,165.69,1.41
2025-03-26 09:29:37,XYZ,174.11,1143,173.81,175.08,1.27
2025-03-26 09:29:38,XYZ,185.77,1292,185.11,185.93,0.82
2025-03-26 09:29:39,XYZ,196.12,1667,195.76,196.84,1.08
2025-03-26 09:29:40,XYZ,188.64,8533,188.33,189.02,0.69
2025-03-26 09:29:41,XYZ,102.65,7214,102.52,103.17,0.65
2025-03-26 09:29:42,XYZ,120.44,6482,120.16,121.39,1.23
2025-03-26 09:29:43,XYZ,192.36,9159,191.85,193.33,1.48
2025-03-26 09:29:44,XYZ,194.41,828,194.15,195.21,1.06
2025-03-26 09:29:45,XYZ,172.48,8926,172.14,172.81,0.67
2025-03-26 09:29:46,XYZ,155.45,7038,154.47,155.81,1.34
2025-03-26 09:29:47,XYZ,104.45,8593,103.55,104.91,1.36
2025-03-26 09:29:48,XYZ,107.3,6972,106.56,107.71,1.15
2025-03-26 09:29:49,XYZ,137.93,5746,137.23,138.31,1.08
2025-03-26 09:29:50,XYZ,149.92,6505,149.32,150.53,1.21
2025-03-26 09:29:51,XYZ,139.36,4009,138.63,140.12,1.49
2025-03-26 09:29:52,XYZ,169.07,9000,168.85,169.63,0.78
2025-03-26 09:29:53,XYZ,194.53,6036,193.68,194.8,1.12
2025-03-26 09:29:54,XYZ,191.42,2234,191.23,192.12,0.89
2025-03-26 09:29:55,XYZ,117.08,3691,116.27,117.51,1.24
2025-03-26 09:29:56,XYZ,150.48,4807,150.35,151.29,0.94
2025-03-26 09:29:57,XYZ,178.62,9478,178.16,179.09,0.93
2025-03-26 09:29:58,XYZ,174.74,1434,174.01,174.91,0.9
2025-03-26 09:29:59,XYZ,148.98,578,148.57,149.59,1.02
2025-03-26 09:30:00,XYZ,182.88,9777,182.77,182.99,0.22
2025-03-26 09:30:01,XYZ,145.13,6931,144.79,146.01,1.22
2025-03-26 09:30:02,XYZ,159.42,7395,159.1,160.17,1.07
2025-03-26 09:30:03,XYZ,181.31,2451,180.46,182.25,1.79
2025-03-26 09:30:04,XYZ,130.66,9951,130.06,131.61,1.55
2025-03-26 09:30:05,XYZ,155.78,1757,155.23,156.62,1.39
2025-03-26 09:30:06,XYZ,138.89,4785,138.57,139.84,1.27
2025-03-26 09:30:07,XYZ,185.39,108,184.88,185.85,0.97
2025-03-26 09:30:08,XYZ,162.65,959,161.73,162.99,1.26
2025-03-26 09:30:09,XYZ,161.61,4762,160.75,161.71,0.96
2025-03-26 09:30:10,XYZ,178.98,4152,178.65,179.75,1.1
2025-03-26 09:30:11,XYZ,190.62,4991,189.93,190.82,0.89
2025-03-26 09:30:12,XYZ,122.85,2727,121.91,123.49,1.58
2025-03-26 09:30:13,XYZ,148.28,7849,147.68,148.66,0.98
2025-03-26 09:30:14,XYZ,148.88,5840,148.64,149.81,1.17
2025-03-26 09:30:15,XYZ,142.64,8690,142.02,143.58,1.56
2025-03-26 09:30:16,XYZ,168.56,9047,167.58,168.74,1.16
2025-03-26 09:30:17,XYZ,142.38,491,141.71,142.79,1.08
2025-03-26 09:30:18,XYZ,119.33,367,118.59,119.54,0.95
2025-03-26 09:30:19,XYZ,106.09,4117,105.29,106.36,1.07
2025-03-26 09:30:20,XYZ,197.7,5732,197.05,198.45,1.4
2025-03-26 09:30:21,XYZ,199.12,3407,198.69,199.89,1.2
2025-03-26 09:30:22,XYZ,180.23,3857,179.49,181.13,1.64
2025-03-26 09:30:23,XYZ,117.0,2432,116.03,117.55,1.52
2025-03-26 09:30:24,XYZ,129.46,3739,128.68,129.81,1.13
2025-03-26 09:30:25,XYZ,112.33,7077,112.11,112.79,0.68
2025-03-26 09:30:26,XYZ,174.74,8890,174.11,175.09,0.98
2025-03-26 09:30:27,XYZ,119.86,2151,118.93,120.79,1.86
2025-03-26 09:30:28,XYZ,158.81,3415,157.96,158.92,0.96
2025-03-26 09:30:29,XYZ,114.83,2394,114.3,115.17,0.87
2025-03-26 09:30:30,XYZ,176.09,5800,175.83,177.03,1.2
2025-03-26 09:30:31,XYZ,187.31,766,187.18,187.99,0.81
2025-03-26 09:30:32,XYZ,160.52,2933,160.37,161.15,0.78
